@Comment #############################################################
@Comment #############################################################
@Comment The Sacred Scripture, editions
@Comment #############################################################
@Comment #############################################################



@Comment #############################################################
@Comment The Sacred Scripture, english editions
@Comment #############################################################


@book{ ESV-Study-Bible-2016,
  author =	 {God and translators},
  title =	 {ESV Study Bible},
  publisher =	 {Crossway},
  year =	 2016,
  address =	 {Wheaton, Illinois},
}










@Comment #############################################################
@Comment The Sacred Scripture, polish editions
@Comment #############################################################