@Comment #############################################################
@Comment #############################################################
@Comment Philosophy, online resources
@Comment #############################################################
@Comment #############################################################


@Comment #############################################################
@Comment Stanford Encyclopedia of Philosophy
@Comment #############################################################


@online{ Alama-Korbmacher-The-lambda-calculus-Ver-2023,
  author =	 {Jesse Alama and Johannes Korbmacher},
  title =	 {The Lambda Calculus},
  year =	 2023,
  url =		 {https://plato.stanford.edu/entries/lambda-calculus/},
  urldate =	 {13-VII-2024},
}



@online{ ,
  author =	 {Richard Southwell},
  title =	 {My Perspective On Category Theory: Past and Future},
  year =	 2024,
  url =		 {https://www.youtube.com/watch?v=X23P8HcuneI},
  urldate =	 {11-VII-2024},
}



@online{ ,
  author =	 {Richard Southwell},
  title =	 {My Perspective On Category Theory: Past and Future},
  year =	 2024,
  url =		 {https://www.youtube.com/watch?v=X23P8HcuneI},
  urldate =	 {11-VII-2024},
}










@Comment #############################################################
@Comment Phenomenology
@Comment #############################################################



@Comment ###############################
@Comment Philosophy of Edith Stein
@Comment ###############################


@online{ Crosby-On-The-Original-Proposal-of-Edith-Stein-ETC-Ver-2016,
  author =	 {John F. Crosby},
  title =	 {On The Original Proposal~of Edith Stein Concerning
                  the Indiviuality~of Persons},
  year =	 2016,
  url =		 {https://www.youtube.com/watch?v=Ws62ddDgBWE},
  urldate =	 {16-VII-2024},
  note =	 {Franciscan University of Steubenville},
}



@online{ Lebech-Edith-Stein-phenomenology-Ver-2023,
  author =	 {Mette Lebech},
  title =	 {Edith Stein phenomenology},
  year =	 2024,
  url =		 {https://www.youtube.com/watch?v=iLdstQzSop8},
  urldate =	 {12-VII-2024},
  note =	 {Timeline Theological Videos},
}










@Comment #############################################################
@Comment Philosophy, natural sciences and philosophizing scientists
@Comment #############################################################


@online{ Stapp-Quantum-Mechanical-Coherence-ETC-Ver-1995,
  author =	 {Henry P. Stapp},
  title =	 {Quantum Mechanical Coherence, Resonance, and Mind},
  year =	 1995,
  doi =		 {https://doi.org/10.48550/arXiv.quant-ph/9504003},
  url =		 {https://arxiv.org/abs/quant-ph/9504003},
  urldate =	 {24-VII-2024},
  archivePrefix ={arXiv},
  eprint =	 {9504003},
  primaryClass = {quant-ph},
}