@book{ Kleinert-Path-Integrals-in-ETC-Pub-2009,
  author =	 {Hagen Kleinert},
  title =	 {Path Integrals in~Quantuma Mechanics, Statistics,
                  Polymer Physics and Financial Markets},
  publisher =	 {Word Scientific Publishing Co.},
  year =	 2009,
  edition =	 {V},
  url =		 {https://hagenkleinert.de/#books},
}