@Comment #############################################################
@Comment #############################################################
@Comment China common issues, politics, etc. Netography
@Comment #############################################################
@Comment #############################################################


@Comment ##############################################################
@Comment China in year 2023
@Comment ##############################################################













@online{ -wyglada-na-robote-rosyjskich-ETC-Ver-2024,
  author =	 {},
  title =	 {},
  year =	 2024,
  url =		 {https://www.youtube.com/watch?v=LjiGA17IubU},
  urldate =	 {},
  note =	 {Podróż bez Paszportu},
}



@online{ -terrorystyczne-ETC-Ver-2024,
  author =	 {},
  title =	 {},
  year =	 2024,
  url =		 {https://www.youtube.com/watch?v=iH730S5_0mI},
  urldate =	 {},
  note =	 {Podróż bez Paszportu},
}



@online{ -Aleksiej-Nawalny-nie-zyje-ETC-Ver-2024,
  author =	 {},
  title =	 {},
  year =	 2024,
  url =		 {https://www.youtube.com/watch?v=j0pNnr4mq1k},
  urldate =	 {},
  note =	 {Podróż bez Paszportu},
}



@online{ -rafineria-ropy-ETC-Ver-2024,
  author =	 {},
  title =	 {},
  year =	 2024,
  url =		 {https://www.youtube.com/watch?v=RBbCJRPxjCo},
  urldate =	 {},
  note =	 {Podróż bez Paszportu},
}



@online{ -Rosji-czyli-Moskwa-ETC-Ver-2024,
  author =	 {},
  title =	 {},
  year =	 2024,
  url =		 {https://www.youtube.com/watch?v=b16b4mZapD0},
  urldate =	 {},
  note =	 {Podróż bez Paszportu},
}



@online{ -jest-jak-Rosja-ETC-Ver-2022,
  author =	 {},
  title =	 {},
  year =	 2022,
  url =		 {https://www.youtube.com/watch?v=UYPsa5hm8Vw},
  urldate =	 {},
  note =	 {Układ otwarte~-- Igor Janke},
}



@online{ -najwiekczy-morderca-ETC-Ver-2024,
  author =	 {},
  title =	 {},
  year =	 2024,
  url =		 {https://www.youtube.com/watch?v=pV2CajSEUBo},
  urldate =	 {},
  note =	 {Mateusz Lachowski~-- Korespondent~PL},
}



@online{ -i-jej-powiazania-z-Kremlem-Ver-2024,
  author =	 {},
  title =	 {},
  year =	 2024,
  url =		 {https://www.youtube.com/watch?v=HDcPIekuzbo},
  urldate =	 {},
  note =	 {Kremlinka Show},
}



@online{ Putin-zabral-glos-ETC-Ver-2024,
  author =	 {},
  title =	 {},
  year =	 2024,
  url =		 {https://www.youtube.com/watch?v=2GF9fEwrinc},
  urldate =	 {},
  note =	 {Ośrodek Studiów Wschodnich},
}



@online{ -rosyjska-polityk-ocenia-ETC-Ver-2024,
  author =	 {},
  title =	 {},
  year =	 2024,
  url =		 {https://www.youtube.com/watch?v=g2LAsAD1Kq0},
  urldate =	 {},
  note =	 {didaskalia},
}
















@Comment #############################################################
@Comment China in year 2024
@Comment #############################################################


@online{ China-Uncensored-China-Cant-Afford-This-Protest-Now-Ver-2024,
  author =	 {China Uncensored},
  title =	 {China Can't Afford This Protest Now},
  year =	 2024,
  url =		 {https://www.youtube.com/watch?v=7TMhqQjzpjk},
  urldate =	 {2024-08-25},
}



@online{ China-Uncensored-China-Is-FREAKING-OUT-After-US-Election-Ver-2024,
  author =	 {China Uncensored},
  title =	 {China Is FREAKING OUT After US Election},
  year =	 2024,
  url =		 {https://www.youtube.com/watch?v=5UzabNwvgms},
  urldate =	 {2024-11-19},
}



@online{ China-Uncensored-Chinas-Economy-is-BEYOND-Saving-Ver-2024,
  author =	 {China Uncensored},
  title =	 {China's Economy is~BEYOND Saving},
  year =	 2024,
  url =		 {https://www.youtube.com/watch?v=lJNXVOK0oYA},
  urldate =	 {2024-12-04},
}



@online{ China-Uncensored-Chinas-Stock-Market-Just-ETC-Ver-2024,
  author =	 {China Uncensored},
  title =	 {China's Stock Market Just IMPLODED},
  year =	 2024,
  url =		 {https://www.youtube.com/watch?v=HjPEjGcYKMY},
  urldate =	 {2024-11-27},
}



@online{ China-Uncensored-The-HORRIFYING-Reason-Chinas-ETC-Ver-2024,
  author =	 {China Uncensored},
  title =	 {The~HORRIFYING Reason China's Military is Massing in
                  the~South},
  year =	 2024,
  url =		 {https://www.youtube.com/watch?v=VO-sc5f33vA},
  urldate =	 {2024-11-16},
}





@online{ -technokraci-wracaja-ETC-Ver-2024,
  author =	 {},
  title =	 {},
  year =	 2024,
  url =		 {https://www.youtube.com/watch?v=p8vsojPvjzc},
  urldate =	 {},
  note =	 {Onet},
}



@online{ -Putina-2024-Ver-2024,
  author =	 {},
  title =	 {},
  year =	 2024,
  url =		 {},
  urldate =	 {},
  note =	 {Reset Obywatelski},
}



@online{ -Rosji-ETC-Ver-2023,
  author =	 {},
  title =	 {},
  year =	 2023,
  url =		 {https://www.youtube.com/watch?v=RL0MYGl5vlg},
  urldate =	 {},
  note =	 {Historia Realna},
}



@online{ -ETC-Ver-2024,
  author =	 {},
  title =	 {},
  year =	 2024,
  url =		 {https://www.youtube.com/watch?v=f0e3wH8ajVk},
  urldate =	 {},
  note =	 {Podróż bez Paszportu}
}





@online{ -Wrong-ETC-Ver-2024,
  author =	 {},
  title =	 {},
  year =	 2024,
  url =		 {https://www.youtube.com/watch?v=8cs26uS4QgU},
  urldate =	 {},
  note =	 {Triggernometry},
}



@online{ -ETC-Ver-2024,
  author =	 {},
  title =	 {},
  year =	 2024,
  url =		 {https://www.youtube.com/watch?v=CZGTotU0YY4},
  urldate =	 {},
  note =	 {Wirtualna Polska News},
}










@Comment #########################################
@Comment Podcast Ośrodeka Studiów Wschodnich
@Comment Year 2024
@Comment #########################################


@online{ ETC-Ver-2024,
  author =	 {},
  title =	 {},
  year =	 2024,
  url =		 {https://www.youtube.com/watch?v=iiOfjpNmMM8},
  urldate =	 {},
}










@Comment #########################################
@Comment Podróż bez Paszportu
@Comment Year 2024
@Comment #########################################










@Comment ##############################################################
@Comment Podróż bez Paszportu
@Comment ##############################################################


@online{ Podroz-bez-Paszportu-Chiny-drza-Czy-to-panstwo-ETC-Ver-2024,
  author =	 {Podróż bez Paszportu},
  title =	 {Chiny drżą. Czy to państwo policyjne?; Dr. Alicja
                  Bachulska},
  year =	 2024,
  url =		 {https://www.youtube.com/watch?v=p2I_Xh2s6e0},
  urldate =	 {2024-11-01},
}