@Comment ##############################################################
@Comment ##############################################################
@Comment Common issues, politics, politology, etc. Netography
@Comment ##############################################################
@Comment ##############################################################



@Comment ##############################################################
@Comment Africa
@Comment ##############################################################


@online{ Grzeszczuk-Lakomy-Jaka-jest-przyszlosc-ETC-Ver-2024,
  author =	 {Mateusz Grzeszczuk and Mateusz Łakomy},
  title =	 {Jaka jest przyszłość demograficzna Afryki?},
  year =	 2024,
  url =		 {https://www.youtube.com/watch?v=hHkDJgqad3c},
  urldate =	 {29-VII-2024},
  note =	 {Podróż bez Paszportu},
}



@online{ Grzeszczuk-Gadera-Armia-Bozego-Oporu-ETC-Ver-2024,
  author =	 {Mateusz Grzeszczuk and Konrad Gadera},
  title =	 {Armia Bożego Oporu. Świat nie poznał tej tragedii},
  year =	 2024,
  url =		 {https://www.youtube.com/watch?v=mowunILD2-o},
  urldate =	 {01-VIII-2024},
  note =	 {Podróż bez Paszportu},
}










@Comment ##############################################################
@Comment Armenia
@Comment ##############################################################


@online{ Grzeszczuk-Skwiecinski-Padl-rosyjski-mit-Armenii-ETC-Ver-2024,
  author =	 {Mateusz Grzeszczuk and Piotr Skwieciński},
  title =	 {Padł rosyjski mit w~Armenii. Czy Ormianie rozumieją
                  Rosjan?},
  year =	 2024,
  url =		 {https://www.youtube.com/watch?v=yeZ2nYJES8s},
  urldate =	 {01-VIII-2024},
}



@online{ OSW-Armenia-co-warto-wiedziec-ETC-Ver-2021,???
  author =	 {Ośrodek Studiów Wschodnich},
  title =	 {Padł rosyjski mit w~Armenii. Czy Ormianie rozumieją
                  Rosjan?},
  year =	 2021,
  url =		 {https://www.youtube.com/watch?v=mbIMUdgrnVs},
  urldate =	 {03-VIII-2024},
  note =	 {OSW~-- Ośrodek Studiów Wschodnich},
}



@online{ OSW-O-co-chodzi-w-konflikcie-ETC-Ver-2021,
  author =	 {Ośrodek Studiów Wschodnich},
  title =	 {O~co chodzi w~konflikcie o~Górski Karabach? Wojna
                  Armienia--Azerbejdżan},
  year =	 2020,
  url =		 {https://www.youtube.com/watch?v=7VFNAKI3XY0},
  urldate =	 {21-VIII-2024},
  note =	 {OSW~-- Ośrodek Studiów Wschodnich},
}










@Comment ##############################################################
@Comment Argentina
@Comment ##############################################################


@online{ Podroz-bez-Paszportu-Czym-jest-nowy-populizm-ETC-Ver-2024,
  author =	 {Podróż bez Paszportu},
  title =	 {Czym jest nowy populizm w~Argentynie?; Prof. Rafał
                  Dudała},
  year =	 2024,
  url =		 {https://www.youtube.com/watch?v=EK289TYsbyk},
  urldate =	 {04-IX-2024},
}












@Comment ##############################################################
@Comment Belarus
@Comment ##############################################################


@online{ OSW-Bialorus-2024-Stan-panstwa-Ver-2024,
  author =	 {Ośrodek Studiów Wschodnich},
  title =	 {Białoruś~2024. Stan państwa},
  year =	 2024,
  url =		 {https://www.youtube.com/watch?v=zfXyH_3a3ko},
  urldate =	 {20-VII-2024},
}



@online{ OSW-Co-i-dlaczego-Lukaszenka-mowi-o-Polsce-ETC-Ver-2024,
  author =	 {Ośrodek Studiów Wschodnich},
  title =	 {Co i~dlaczego Łukaszenka mówi o~Polsce? Czy Białoruś
                  zaatakuje Ukrainę?},
  year =	 2024,
  url =		 {https://www.youtube.com/watch?v=Wlq9o5QSZiU},
  urldate =	 {25-VIII-2024},
}



@online{ OSW-Czy-Lukaszenka-pomoze-Putinowi-ETC-Ver-2024,
  author =	 {Ośrodek Studiów Wschodnich},
  title =	 {Czy Łukaszenka pomoże Putinowi? Groźby Białorusi
                  wobec Ukrainy. Łukaszenka a~atak Ukrainy na~Rosję?},
  year =	 2024,
  url =		 {https://www.youtube.com/watch?v=KuPmzJC_wg8},
  urldate =	 {14-VIII-2024},
}

















@Comment ##############################################################
@Comment Burma/Myanmar
@Comment ##############################################################


@online{ Grzeszczuk-Lubina-Czy-nadchodzi-koniec-junty-ETC-Ver-2024,
  author =	 {Mateusz Grzeszczku and Michał Lubina},
  title =	 {Czy nadchodzi koniec junty w~Brimie?},
  year =	 2024,
  url =		 {https://www.youtube.com/watch?v=jTjPKdWVZeg},
  urldate =	 {26-VII-2024},
}










@Comment ##############################################################
@Comment Caucasus
@Comment ##############################################################


@online{ OSW-Armenia-Azerbejdzan-Wieczny-konflikt-Ver-2024,
  author =	 {Ośrodek Studiów Wschodnich},
  title =	 {Armenia-Azerbejdżan. Wieczny konflikt?},
  year =	 2024,
  url =		 {https://www.youtube.com/watch?v=iN1J-JflSmE},
  urldate =	 {10-VII-2024},
  note =	 {Podcast Ośrodka Studiów Wschodnich},
}










@Comment ##############################################################
@Comment China
@Comment ##############################################################


@online{ China-Uncensored-China-Cant-Afford-This-Protest-Now-Ver-2024,
  author =	 {China Uncensored},
  title =	 {China Can't Afford This Protest Now},
  year =	 2024,
  url =		 {https://www.youtube.com/watch?v=7TMhqQjzpjk},
  urldate =	 {25-VIII-2024},
}










@Comment ##############################################################
@Comment Czech Republic
@Comment ##############################################################


@online{ Podroz-bez-Paszportu-Dlaczego-Czesi-szturmuja-ETC-Ver-2024,
  author =	 {Podróż bez Paszportu},
  title =	 {Dlaczego Czesi szturmują Bałtyk? | dr Krzysztof Dębiec},
  year =	 2024,
  url =		 {https://www.youtube.com/watch?v=72X93mXaIro},
  urldate =	 {04-IX-2024},
}










@Comment ##############################################################
@Comment East Euroasia
@Comment ##############################################################


@online{ Grzeszczuk-Chatys-Japonia-i-Filipiny-podpisuja-pakt-ETC-Ver-2024,
  author =	 {Mateusz Grzeszczku and Mateusz Chatys},
  title =	 {Japonia i~Filipiny podpisują pakt obronny},
  year =	 2024,
  url =		 {https://www.youtube.com/watch?v=bJltYgOyiAA},
  urldate =	 {01-VIII-2024},
}










@Comment ##############################################################
@Comment France
@Comment ##############################################################


@online{ Nowy-Lad-Kylian-Mbappe-kontra-Marine-Le-Pen-ETC-Ver-2024,
  author =	 {Nowy Ład},
  title =	 {Kylian Mbappé kontra Marine Le~Pen~-- geneza
                  konfliktu. Do~czego wzywa kapitan reprezentacji
                  Francji?},
  year =	 2024,
  url =		 {https://www.youtube.com/watch?v=BBQGfoENHng},
  urldate =	 {30-VIII-2024},
}



@online{ Uklad-otwary-Igor-Janke-Kim-jest-Melenchone-ETC-Ver-2024,
  author =	 {Układ otwarty~-- Igor Janke},
  title =	 {Kim jest Melenchone i~Niepokorni. Jaka może być
                  Francja współrządzona przez lewicę?; Marcin Giełzak, DLR},
  year =	 2024,
  url =		 {https://www.youtube.com/watch?v=KooVX5tdupo},
  urldate =	 {20-VII-2024},
}



@online{ Gielzak-Kita-Koniec-Macrona-i-poczatek-Le-Pen-ETC-Ver-2024,
  author =	 {Marcin Giełzak and Kacper Kita},
  title =	 {Koniec Macrona i~początek Le Pen, czy triumf Lewicy?
                  Co dalej z~Francja?},
  year =	 2024,
  url =		 {https://www.youtube.com/watch?v=TaROe7dHnvA},
  urldate =	 {25-VII-2024},
  note =	 {Kuźnia},
}



@online{ Gielzak-Kita-Janke-Inauguracja-Igrzysk-Francja-ETC-Ver-2024,
  author =	 {Marcin Giełzak and Kacper Kita and Igor Janke},
  title =	 {Inauguracja Igrzysk, Francja i~„Imagine” Lennona.
                  Skandal i~sztuka},
  year =	 2024,
  url =		 {https://www.youtube.com/watch?v=ZM-ARCAmuv0},
  urldate =	 {02-VIII-2024},
  note =	 {Układ Otwarty~-- Igor Janke},
}



@online{ Grzeszczuk-Kita-Francja-nadal-w-politycznym-ETC-Ver-2024,
  author =	 {Mateusz Grzeszczuk and Kacper Kita},
  title =	 {Francja nadal w~politycznym chaosie. W~co gra
                  Macron?},
  year =	 2024,
  url =		 {https://www.youtube.com/watch?v=mzraxtb6PZw},
  urldate =	 {28-VII-2024},
  note =	 {Podróż bez Paszportu},
}



@online{ Grzeszczuk-Rakowski-Zaostrza-sie-konflikt-Izreal-ETC-Ver-2024,
  author =	 {Mateusz Grzeszczuk and Paweł Rakowski},
  title =	 {Zaostrza~się konflikt Izrael-Liban. Co czeka Bliski
                  Wschód?},
  year =	 2024,
  url =		 {https://www.youtube.com/watch?v=k1qwCPE_aK8},
  urldate =	 {29-VII-2024},
  note =	 {Podróż bez Paszportu},
}



@online{ Grzeszczuk-Rucinski-Zmasowany-atak-na-francuska-kolej-ETC-Ver-2024,
  author =	 {Mateusz Grzeszczuk and Krzysztof Ruciński},
  title =	 {Zmasowany atak na~francuską kolej. Chaos przed
                  igrzyskami},
  year =	 2024,
  url =		 {https://www.youtube.com/watch?v=zbyGhOXVSqE},
  urldate =	 {26-VII-2024},
  note =	 {Podróż bez Paszportu},
}



@online{ Gwiazda-Kita-Marine-Le-Pen-nadzieja-prawicy-czy-ETC-Ver-2024,
  author =	 {Adam Gwiazda and Kacper Kita},
  title =	 {Marine Le~Pen~-- nadzieja prawicy czy~zdrajczyni?
                  Czy~naprawdę zmieniłaby Francję?},
  year =	 2024,
  url =		 {https://www.youtube.com/watch?v=KooVX5tdupo},
  urldate =	 {28-VII-2024},
  note =	 {Nowy Ład},
}










@Comment #############################################################
@Comment Freemasony
@Comment #############################################################










@Comment #############################################################
@Comment General materials
@Comment #############################################################


@online{ Acton-Institute-Is-It-Safer-to-Offend-Christians-ETC-Ver-2024,
  author =	 {Acton Institue},
  title =	 {Is It Safer to Offend Christians than 'Childless Cat
                  Ladies'?},
  year =	 2024,
  url =		 {https://www.youtube.com/watch?v=DZlIpEWIQF8},
  urldate =	 {31-VII-2024},
}



@online{ Biskup-Kita-Ordynacje-przeciw-prawicy-ETC-Ver-2024,
  author =	 {Przemysław Biskup and Kacper Kita},
  title =	 {Ordynacje przeciw prawicy? Systemy poliyczne
                  załamują~się?},
  year =	 2024,
  url =		 {https://www.youtube.com/watch?v=VjkVQvDzF-M},
  urldate =	 {24-VII-2024},
  note =	 {Nowy Ład},
}



@online{ Ferguson-Crisis-Conflict-And-The-New-Axis-of-Evil-Ver-2024,
  author =	 {Niall Ferguson},
  title =	 {Crisis, Confilt And The~New Axis~of Evil},
  year =	 2024,
  url =		 {https://www.youtube.com/watch?v=a4t_4S1h4Z},
  urldate =	 {03-VIII-2024},
  note =	 {Intelligence Squared},
}



@online{ Ferguson-Robinson-The-Treason-of-the-Intellectuals-Ver-2024,
  author =	 {Niall Ferguson and Peter Robinson},
  title =	 {The~Treson~of the~Intellectuals},
  year =	 2024,
  url =		 {https://www.youtube.com/watch?v=LpMQSVp7NTg},
  urldate =	 {24-VII-2024},
  note =	 {Uncommon Knowledge, Hoover Insituation},
}



@online{ Grzeszczuk-Kieruzal-Boeing-w-coraz-wiekszym-ETC-Ver-2024,
  author =	 {Mateusz Grzeszczuk and Mateusz Kieruzal},
  title =	 {Boeing w~coraz większym kryzysie?},
  year =	 2024,
  url =		 {https://www.youtube.com/watch?v=a4XOCm6uYOU},
  urldate =	 {30-VII-2024},
  note =	 {Podróż bez Paszportu},
}



@online{ Grzeszczuk-Zembik-Zadyszka-gospodarki-USA-ETC-Ver-2024,
  author =	 {Mateusz Grzeszczuk and Łukasz Zembik},
  title =	 {Zadyszka gospodarki~USA. Co~się dzieje z~dolarem?},
  year =	 2024,
  url =		 {https://www.youtube.com/watch?v=HdzzRXoT6Qg},
  urldate =	 {18-VIII-2024},
  note =	 {Podróż bez Paszportu},
}



@online{ Grzeszczuk-Zembik-Strach-na-rynkach-ETC-Ver-2024,
  author =	 {Mateusz Grzeszczuk and Łukasz Zembik},
  title =	 {Strach na~rynkach. Giełda japonska w~chaosie: Nikkei
                  na~dnie},
  year =	 2024,
  url =		 {https://www.youtube.com/watch?v=K12_vx6I7Ec},
  urldate =	 {18-VIII-2024},
  note =	 {Podróż bez Paszportu},
}










@Comment #############################################################
@Comment Georgia
@Comment #############################################################


@online{ Grzeszczuk-Wojtasiewicz-Trwa-wielka-bitwa-ETC-Ver-2024,
  author =	 {Mateusz Grzeszczuk and Wojciech Wojtasiewicz},
  title =	 {Trwa wielka bitwa o~przyszłość Gruzji},
  year =	 2024,
  url =		 {https://www.youtube.com/watch?v=gkjoMiisbdQ},
  urldate =	 {21-VIII-2024},
  note =	 {Podróż bez Paszportu},
}










@Comment ##############################################################
@Comment Germany
@Comment ##############################################################


@online{ Otwarta-Konserwa-Niemcy-boja-sie-wygranej-Trumpa-Ver-2024,
  author =	 {Otwarta Konserwa},
  title =	 {Niemcy boją~się wygranej Trumpa; Olga
                  Doleśniak-Harczuk; Świat w konserwie #12},
  year =	 2024,
  url =		 {https://www.youtube.com/watch?v=YqGWf27qq-k},
  urldate =	 {26-VII-2024},
}



@online{ Nowy-Lad-Aleksandra-Rybinska-komentruje-wybory-ETC-Ver-2024,
  author =	 {Nowy Ład},
  title =	 {Aleksandra Rybińska komentuje wybory do~PE
                  w~Niemczech: Chadecy wygrywają, SPD~przegrywa z~AfD},
  year =	 2024,
  url =		 {https://www.youtube.com/watch?v=4lSG5Umd0i4},
  urldate =	 {30-VII-2024},
  note =	 {Nowy Ład},
}



@online{ Podcast-OSW-Sukces-AfD-i-BSW-w-Saksonii-i-Turyngii-ETC-Ver-2024,
  author =	 {Podcast Ośrodka Studiów Wschodnich~-- OSW},
  title =	 {Sukces AfD i~BSW w~Saksonni i~Turyngii. Co po wyborach?},
  year =	 2024,
  url =		 {https://www.youtube.com/watch?v=kF4swfwnB3g},
  urldate =	 {04-IX-2024},
}



@online{ Podroz-bez-Paszportu-Prawicowa-partia-AfD-odnosi-ETC-Ver-2024,
  author =	 {Podróż bez Paszportu},
  title =	 {Prawicowa partia AfD odnosi przełomowe zwycięstwo;
                  Patrycja Tepper},
  year =	 2024,
  url =		 {https://www.youtube.com/watch?v=oIwLmQM1ufc},
  urldate =	 {04-IX-2024},
}



@online{ PRZEkanał-Gmyz-o-prawdziwym-obliczu-Niemiec-Ver-2024,
  author =	 {PRZEkanał},
  title =	 {Gmyz o~prawdziwym obliczu Niemiec},
  year =	 2024,
  url =		 {https://www.youtube.com/watch?v=DTNLdalGXRw},
  urldate =	 {27-VIII-2024},
}










@Comment ##############################################################
@Comment India
@Comment ##############################################################


@online{ Podroz-bez-Paszportu-Kobiety-w-Indiach-protestuja-ETC-Ver-2024,
  author =	 {Podróż bez Paszportu},
  title =	 {Kobiety w~Indiach protestują. Ataki na~nie~są zbyt
                  powszechne},
  year =	 2024,
  url =		 {https://www.youtube.com/watch?v=CC1nsBIZZfc},
  urldate =	 {21-VIII-2024},
}










@Comment ##############################################################
@Comment Iran
@Comment ##############################################################


@online{ Uklad-Otwarty-Igor-Janke-O-historii-Iranu-genezie-ETC-Ver-2024,
  author =	 {Układ Otwarty~-- Igor Jannke},
  title =	 {O~historii Iranu, genezie konfliktu z~Izraelem,
                  rewolucji islamskiej w~1979~r.~-- Marcin Krzyżanowski},
  year =	 2024,
  url =		 {},
  urldate =	 {03-VIII-2024},
}



@online{ Janke-Rakowski-Wypadek-czy-ingerencja-panstw-ETC-Ver-2024,
  author =	 {Igor Janke and Paweł Rakowski},
  title =	 {Wypadek czy ingerencja państw trzecich? Koleny
                  wstrząs na~Bliskim Wschodzie},
  year =	 2024,
  url =		 {https://www.youtube.com/watch?v=h8wG7LftHRA},
  urldate =	 {10-VIII-2024},
  note =	 {Układ Otwary~-- Igor Janke},
}



@online{ Krzyzanowski-Kita-Smierc-prezydenta-Kim-byl-Raisi-ETC-Ver-2023,
  author =	 {Marcin Krzyżanowski and Kacper Kita},
  title =	 {Śmierć prezydenta. Kim był Raisi? Wypadek? Kto
                  będzie dalej rządził Iranem},
  year =	 2024,
  url =		 {https://www.youtube.com/watch?v=AHCTiVXVjdI},
  urldate =	 {20-VIII-2024},
  note =	 {Nowy Ład},
}



@online{ Krzyzanowski-Kubasiewicz-Iranska-gospodarka-slabnie-ETC-Ver-2024,
  author =	 {Marcin Krzyżanowski and Mateusz Kubasiewicz},
  title =	 {Irańska gospodarka słabnie i~nie zanosi~się,
                  że~będzie lepiej},
  year =	 2024,
  url =		 {https://www.youtube.com/watch?v=iqvyg2rnpaA},
  urldate =	 {26-VII-2024},
  note =	 {Podróż bez Paszportu},
}



@online{ Krzyzanowski-Kubasiewicz-Iranska-gospodarka-slabnie-ETC-Ver-2024,
  author =	 {Marcin Krzyżanowski and Mateusz Kubasiewicz},
  title =	 {Irańska gospodarka słabnie i~nie zanosi~się,
                  że~będzie lepiej},
  year =	 2024,
  url =		 {https://www.youtube.com/watch?v=iqvyg2rnpaA},
  urldate =	 {26-VII-2024},
  note =	 {Podróż bez Paszportu},
}



@online{ Krzyzanowski-Nowak-Os-Moskwa-Teheran-ETC-Ver-2023,
  author =	 {Marcin Krzyżanowski and Michał Nowak},
  title =	 {Oś Moskwa-Teheran? Irańska postawa wobec wojny
                  rosyjsko-ukraińskiej},
  year =	 2023,
  url =		 {https://www.youtube.com/watch?v=W165XhS9liA},
  urldate =	 {02-VIII-2024},
  note =	 {Nowy Ład},
}



@online{ Krzyzanowski-Stefan-Iran-wobec-konfliktu-Izraela-ETC-Ver-2023,
  author =	 {Marcin Krzyżanowski and Marek Stefan},
  title =	 {Iran wobec konfliktu Izraela z~Hamasem},
  year =	 2023,
  url =		 {https://www.youtube.com/watch?v=AHCTiVXVjdI},
  urldate =	 {03-VIII-2024},
  note =	 {Układ Sił},
}










@Comment ###############################
@Comment Iran and Poland
@Comment ###############################


@online{ KotPerski-1-Kim-jestem-ETC-Ver-2020,
  author =	 {KotPerski},
  title =	 {#1 Kim jestem??? Irańczyk po polsku},
  year =	 2020,
  url =		 {https://www.youtube.com/watch?v=ZFYRTcgLfN8},
  urldate =	 {21-VIII-2024},
}








































@Comment ##############################################################
@Comment Italy state created in 1870s
@Comment ##############################################################


@online{ Metatron-Is-the-Italian-Scene-in-ETC-Ver-2022,
  author =	 {Metatron},
  title =	 {Is the~Italian Scene is The Irishman Authentic? Real
                  Sicilian Reacts},
  year =	 2022,
  url =		 {https://www.youtube.com/watch?v=Ny7yl_D67ZM},
  urldate =	 {15-VIII-2024},
}










@Comment ##############################################################
@Comment Japan
@Comment ##############################################################


@online{ Aiko-i-Emil-Lalka-po-japonsku-Japonia-vlog-21-Ver-2017,
  author =	 {Aiko i~Emil},
  title =	 {„Lalka” po japońsku. Japonia vlog #21},
  year =	 2017,
  url =		 {https://www.youtube.com/watch?v=Y8uPr1T36Os},
  urldate =	 {27-VII-2024},
}



@online{ Behrendt-Grzeszczuk-Premier-Japonii-ustapi-ze-ETC-Ver-2024,
  author =	 {Paweł Behrendt and Mateusz Grzeszczuk},
  title =	 {Premier Japonii ustąpi ze~stanowiska},
  year =	 2024,
  url =		 {https://www.youtube.com/watch?v=QcqtQ-tWSAo},
  urldate =	 {17-VIII-2024},
}



@online{ NihonJohn-Why-Japanese-Companies-Hate-Gen-Z-Ver-2024,
  author =	 {NihonJohn},
  title =	 {Why Japanese Companies Hate Gen~Z},
  year =	 2024,
  url =		 {https://www.youtube.com/watch?v=OQs4NERVZxc},
  urldate =	 {14-VIII-2024},
}










@Comment ###############################
@Comment Japan and Poland
@Comment ###############################










@Comment ##############################################################
@Comment Jews and Poland
@Comment ##############################################################


@online{ Rubenfeld-My-struggle-with-Poland-Ver-2024,
  author =	 {Michael Rubenfeld},
  title =	 {My~struggle with Poland},
  year =	 2024,
  url =		 {https://www.youtube.com/watch?v=ZWG-6bLHqD0},
  urldate =	 {11-VIII-2024},
}











@Comment ##############################################################
@Comment Kazakhstan
@Comment ##############################################################










@Comment ##############################################################
@Comment
@Comment ##############################################################



@Comment #############################################################
@Comment Kingdom of the Netherlands
@Comment #############################################################


@online{ Grzeszczuk-Kulpok-Dlaczego-zginal-amsterdamski-ETC-Ver-2024,
  author =	 {Mateusz Grzeszczuk and Patryk Kulpok},
  title =	 {Dlaczego zginął amsterdamski raper Bigidagoe},
  year =	 2024,
  url =		 {https://www.youtube.com/watch?v=DVGHampqtm4},
  urldate =	 {11-VIII-2024},
  note =	 {Podróż bez Paszportu},
}










@Comment ###############################
@Comment Kingdom of the Netherlands and Poland
@Comment ###############################


@online{ -ETC-Ver-2024,
  author =	 {Mateusz Grzeszczuk and Patryk Kulpok},
  title =	 {Dlaczego zginął amsterdamski raper Bigidagoe},
  year =	 2024,
  url =		 {https://www.youtube.com/watch?v=DVGHampqtm4},
  urldate =	 {11-VIII-2024},
  note =	 {Podróż bez Paszportu},
}


















@Comment ##############################################################
@Comment Middle East
@Comment ##############################################################


@online{ Grzeszczuk-Gajda-Iran-Izrael-ETC-Ver-2024,
  author =	 {Mateusz Grzeszczuk and Jakub Gajda},
  title =	 {Iran~-- Izrael; Live o~sytuacji na~Bliskim
                  Wschodzie},
  year =	 2024,
  url =		 {https://www.youtube.com/watch?v=SqHJP3UpuFI},
  urldate =	 {25-VII-2024},
  note =	 {Podróż bez Paszportu},
}



@online{ Grzeszczuk-Rakowski-Iran-zaatakował-Izrael-ETC-Ver-2024,
  author =	 {Mateusz Grzeszczuk and Paweł Rakowski},
  title =	 {Iran zaatakował Izrael; Nocny live},
  year =	 2024,
  url =		 {https://www.youtube.com/watch?v=DBIh4lztnvY},
  urldate =	 {01-VIII-2024},
  note =	 {Podróż bez Paszportu},
}



@online{ Grzeszczuk-Rakowski-Izrael-dokonal-zamachu-ETC-Ver-2024,
  author =	 {Mateusz Grzeszczuk and Paweł Rakowski},
  title =	 {Izrael dokonał zamachu na~lidera Hamasu! Co~zrobi
                  Iran? Upokorzenie Teheranu},
  year =	 2024,
  url =		 {https://www.youtube.com/watch?v=ce1jlApCbzY},
  urldate =	 {31-VII-2024},
  note =	 {Podróż bez Paszportu},
}



@online{ Krzyzanowski-Nowak-Kryzys-na-linii-Iran-Azerbejdzan-ETC-Ver-2021,
  author =	 {Marcin Krzyżanowski and Michał Nowak},
  title =	 {Kryzys na~linii Iran-Azerbejdżan z~Izraelem w~tle},
  year =	 2021,
  url =		 {https://www.youtube.com/watch?v=W165XhS9liA},
  urldate =	 {02-VIII-2024},
  note =	 {Nowy Ład},
}



@online{ OSW-Beczka-prochu-Rosnie-napiecie-na-linii-ETC-Ver-2024,
  author =	 {Ośrodek Studiów Wschodnich},
  title =	 {Beczka prochu. Rośnie napięcie na~linii Izrael-Iran.
                  Czy czeka nas wielka wojna w~regionie?},
  year =	 2024,
  url =		 {https://www.youtube.com/watch?v=JfGjXT2q4Z4},
  urldate =	 {02-VIII-2024},
  note =	 {Podcast Ośrodka Studiów Wschodnich},
}



@online{ Podroz-bez-Paszportu-Geneza-konfliktu-ETC-Ver-2022,
  author =	 {Podróż bez Paszportu},
  title =	 {Geneza konfliktu izraelsko-palestyńskiego.
                  Teraźniejszość, przyszłość},
  year =	 2023,
  url =		 {https://www.youtube.com/watch?v=H7YEWzIenIc},
  urldate =	 {09-VIII-2024},
}










@Comment ##############################################################
@Comment Ośrodek Studiów Wschodnich
@Comment ##############################################################


















@Comment ##############################################################
@Comment Podróż bez Paszportu
@Comment ##############################################################


@online{ Banasiewicz-Grzeszczuk-Strach-o-igrzyska-w-Paryzu-ETC-Ver-2024,
  author =	 {Bartłomiej Banasiewicz and Mateusz Grzeszczku},
  title =	 {Strach o igrzyska w Paryżu. Czy będzie bezpiecznie?},
  year =	 2024,
  url =		 {https://www.youtube.com/watch?v=oyr66wKE-Kg},
  urldate =	 {20-VII-2024},
  note =	 {Podróż bez Paszportu},
}














@Comment ###############################
@Comment Komentarz w Podróży
@Comment ###############################


@online{ Podroz-bez-Paszportu-Dlaczego-McDonalds-traci-znak-ETC-Ver-2024,
  author =	 {Podróż bez Paszportu},
  title =	 {Dlaczego McDonald's traci znak towarowy Big Mac?;
                  Komentarz w~Podróży},
  year =	 2024,
  url =		 {https://www.youtube.com/watch?v=3gyw-ScTyJM},
  urldate =	 {26-VII-2024},
}



@online{ Podroz-bez-Paszportu-Kanadyjscy-seniorzy-truja-sie-ETC-Ver-2024,
  author =	 {Podróż bez Paszportu},
  title =	 {Kanadyjscy seniorzy trują~się marihuaną; Komentarz
                  w~Podróży},
  year =	 2024,
  url =		 {https://www.youtube.com/watch?v=R0x4XjMS4Qc},
  urldate =	 {30-VII-2024},
}



@online{ Podroz-bez-Paszportu-Wenezuela-Maduro-przenosi-Boze-ETC-Ver-2024,
  author =	 {Podróż bez Paszportu},
  title =	 {Wenezuela~-- Maduro przenosi Boże Narodzenie
                  na~październik; Komentarz w~Podróży},
  year =	 2024,
  url =		 {https://www.youtube.com/watch?v=BVF4PksxNqE},
  urldate =	 {10-IX-2024},
}










@Comment ##############################################################
@Comment Poland
@Comment ##############################################################


@online{ Adamus-Kita-Kryzys-w-koalicji-W-co-gra-PSL-ETC-Ver-2024,
  author =	 {Damian Adamus and Kacper Kita},
  title =	 {Roman Dmowski o~Polakach i~Polsce na tle sądów
                  o~innych narodach},
  year =	 2024,
  url =		 {https://www.youtube.com/watch?v=sc3v7SZEnac},
  urldate =	 {02-VIII-2024},
  note =	 {Nowy Ład},
}



@online{ Grott-Roman-Dmowski-o-Polakach-i-Polsce-ETC-Ver-2020,
  author =	 {Bogumił Grott},
  title =	 {Roman Dmowski o~Polakach i~Polsce na tle sądów
                  o~innych narodach},
  year =	 2020,
  url =
                  {https://nlad.pl/roman-dmowski-o-polakach-i-polsce-na-tle-sadow-o-innych-narodach/},
  urldate =	 {27-VII-2024},
  note =	 {Nowy Ład},
}



@online{ Rymkiewicz-Pani-Barbara-Nowacka-nie-ma-prawa-ETC-Ver-2020,
  author =	 {Wawrzyniec Rymkiewicz},
  title =	 {Pani Barbara Nowacka nie ma prawa obrażać pisarzy.
                  Wprowadza obyczaje sowieckie},
  year =	 2024,
  url =		 {https://www.youtube.com/watch?v=LM1Gy50Xr5g},
  urldate =	 {27-VII-2024},
  note =	 {Radio WNET},
}



@online{ TLDR-News-EU-Why-Germany-and-Poland-Have-Fallen-ETC-Ver-2020,
  author =	 {TLDR News~EU},
  title =	 {Why Germany and~Poland Have Fallen Out (again)},
  year =	 2024,
  url =		 {https://www.youtube.com/watch?v=rvu8N6bA3PI},
  urldate =	 {26-VIII-2024},
}










@Comment ###############################
@Comment Poland and United States of America
@Comment ###############################


@online{ Dave-z-Ameryki-Policja-USA-vs-Polska-Ver-2020,
  author =	 {Dave z~Ameryki},
  title =	 {Policja: USA vs.~Polska},
  year =	 2020,
  url =		 {https://www.youtube.com/watch?v=1VNwVlgPlqg},
  urldate =	 {11-VIII-2024},
}










@Comment ##############################################################
@Comment Republic of South Africa
@Comment ##############################################################


















@Comment #############################################################
@Comment South Korea
@Comment #############################################################


@online{ Pyra-w-Korei-Epidemia-deepfake-w-Korei-Poludniowej-ETC-Ver-2024,
  author =	 {Pyra w Korei},
  title =	 {Epidemia deepfake w~Korei Południowej. Liczba ofiar
                  stale; Ciemna Strona Korei},
  year =	 2024,
  url =		 {https://www.youtube.com/watch?v=ocXYYh_NZ1s},
  urldate =	 {07-IX-2024},
}



@online{ Pyra-w-Korei-Koreanska-matura-suneung-ETC-Ver-2022,
  author =	 {Pyra w Korei},
  title =	 {Koreańska matura suneung~-- czy naprawdę jest taka
                  trunda?},
  year =	 2022,
  url =		 {https://www.youtube.com/watch?v=lM7BD2um-CE},
  urldate =	 {15-VIII-2024},
}



@online{ Pyra-w-Korei-Kto-zawinil-ETC-Ver-2021,
  author =	 {Pyra w Korei},
  title =	 {Kto zwinił? Sprawa zawalenia~się galerii handlowej
                  w~Korei; Ciemna strona Korei},
  year =	 2021,
  url =		 {https://www.youtube.com/watch?v=npOVXjUSGaw},
  urldate =	 {03-VIII-2024},
}



@online{ Pyra-w-Korei-Uciekał-907-dni-ETC-Ver-2023,
  author =	 {Pyra w Korei},
  title =	 {Uciekał 907 dni. Sin Changwon, najsłynniejszy zbieg
                  Korei Południowej; Ciemna Strona Korei},
  year =	 2023,
  url =		 {https://www.youtube.com/watch?v=2GF9fEwrinc},
  urldate =	 {24-VII-2024},
}










@Comment ##############################################################
@Comment United Kingdom
@Comment ##############################################################


@online{ Adamus-Kita-Brytyjczycy-maja-dosc-imigracji-ETC-Ver-2024,
  author =	 {Damina Adamus and Kacper Kita},
  title =	 {Brytyjczycy mają dość imigracji. Protesty będą
                  stłumione siłą},
  year =	 2024,
  url =		 {https://www.youtube.com/watch?v=7gi4hGu_bEQ},
  urldate =	 {18-VIII-2024},
  note =	 {Nowy Ład},
}



@online{ Biskup-Kita-Tryumf-Faragea-i-lewicy-koniec-Torysow-Ver-2024,
  author =	 {Przemysław Biskup and Kacper Kita},
  title =	 {Tryumf Farage'a i~lewicy~-- koniec Torysów?},
  year =	 2024,
  url =		 {https://www.youtube.com/watch?v=lF4qpDG7EnI},
  urldate =	 {14-VIII-2024},
  note =	 {Nowy Ład},
}



@online{ Goodwin-Leeds-Riots-ETC-Ver-2024,
  author =	 {Matt Goodwin},
  title =	 {Leeds Riots: What REALLY Happened and Why It
                  Matters},
  year =	 2024,
  url =		 {https://www.youtube.com/watch?v=kfpoSwzPQss},
  urldate =	 {24-VII-2024},
}



@online{ Goodwin-The-CRISIS-of-British-Conservatism-Ver-2024,
  author =	 {Matt Goodwin},
  title =	 {The CRISIS~of British Conservatism},
  year =	 2023,
  url =		 {https://www.youtube.com/watch?v=iFqRqNcCeO8},
  urldate =	 {24-VII-2024},
}



@online{ Grzeszczuk-Kot-Antyimgranckie-zamieszki-w-ETC-Ver-2024,
  author =	 {Mateusz Grzeszczuk and Bartłomiej Kot},
  title =	 {Antyimigranckie zamieszki w~Wielkiej Brytanii},
  year =	 2024,
  url =		 {https://www.youtube.com/watch?v=RGQZ7GhoaOk},
  urldate =	 {09-VIII-2024},
  note =	 {Podróż bez Paszportu},
}



@online{ Grzeszczuk-Kot-Brytyjski-rzad-boi-sie-powtorki-ETC-Ver-2024,
  author =	 {Mateusz Grzeszczuk and Bartłomiej Kot},
  title =	 {Brytyjski rząd boi~się powtórki? Zamieszki
                  na~Wyspach},
  year =	 2024,
  url =		 {https://www.youtube.com/watch?v=D7429VXirpE},
  urldate =	 {09-VIII-2024},
  note =	 {Podróż bez Paszportu},
}










@Comment #############################################################
@Comment United States of America
@Comment #############################################################


@online{ Caldwell-Gray-JD-Vance-class-in-America-ETC-Ver-2024,
  author =	 {Christopher Caldwell and Freddy Gray},
  title =	 {JD Vacne, class in~America, and the~future of
                  the~right},
  year =	 2024,
  url =		 {https://www.youtube.com/watch?v=2DNaDQAvK-M},
  urldate =	 {24-VII-2024},
  note =	 {The Spectator},
}



@online{ C-SPAN-Helen-Andrews-Author-Boomers-Ver-2024,
  author =	 {C-SPAN},
  title =	 {Helen Andrews, Author, "Boomers"},
  year =	 2024,
  url =		 {https://www.youtube.com/watch?v=J27-wSyMCsM},
  urldate =	 {24-VIII-2024},
}



@online{ Grzeszczuk-Michalski-Joe-Biden-wycofuje-sie-ETC-Ver-2024,
  author =	 {Mateusz Grzeszczuk and Rafał Michalski},
  title =	 {Joe Biden wycofuje~się z~wyścigu o~Biały Domu},
  year =	 2024,
  url =		 {https://www.youtube.com/watch?v=vpzb9O0qjO8},
  urldate =	 {21-VII-2024},
  note =	 {Podróż bez Paszportu},
}



@online{ Grzeszczuk-Michalski-Trump-czy-Harris-Ver-2024,
  author =	 {Mateusz Grzeszczuk and Rafał Michalski},
  title =	 {Trump, czy~Harris?},
  year =	 2024,
  url =		 {https://www.youtube.com/watch?v=BnA_3gVWmx8},
  urldate =	 {30-VII-2024},
  note =	 {Podróż bez Paszportu},
}



@online{ Grzeszczuk-Wieczorek-Taylor-Swift-czyl-190-gospodarka-ETC-Ver-2024,
  author =	 {Mateusz Grzeszczuk and Michał Wieczorek},
  title =	 {Taylor Swift, czyli~190 gospodarka świata},
  year =	 2024,
  url =		 {https://www.youtube.com/watch?v=wvxOrOEgIjk},
  urldate =	 {01-VIII-2024},
  note =	 {Podróż bez Paszportu},
}



@online{ Lurie-Irregular-Beats-The-Surprising-Politics-of-ETC-Ver-2024,
  author =	 {Robert Dean Lurie},
  title =	 {Irregular Beats: The~Surprising Politics~of Kerouac,
                  Burroughs, and Ginsberg},
  year =	 2024,
  url =
                  {https://merionwest.com/2024/04/30/irregular-beats-the-surprising-politics-of-kerouac-burroughs-and-ginsberg/},
  urldate =	 {11-VIII-2024},
  note =	 {Merion West},
}



@online{ National-Conservatism-Yoram-Hazony-with-Helen-Andrews-ETC-Ver-2021,
  author =	 {National Conservatism},
  title =	 {Yoram Hazony with Helen Andrews; Boomers vs
                  Milennials; NatConTalk},
  year =	 2021,
  url =		 {https://www.youtube.com/watch?v=CuVEpaHdNfk},
  urldate =	 {25-VIII-2024},
}



@online{ Sandfay-Reacts-She-Wants-To-Know-Why-White-People-ETC-Ver-2024,
  author =	 {Sandfay Reacts},
  title =	 {She Wants To Know Why White People Keep Adopting
                  Black Babies | Leave Our Black Babies Alone},
  year =	 2024,
  url =		 {https://www.youtube.com/watch?v=6Mn99armLGs},
  urldate =	 {01-VIII-2024},
}



@online{ Stuckey-Blaming-Boomers-for-Millenials-Problems-ETC-Ver-2021,
  author =	 {Allie Beth Stuckey},
  title =	 {Blaming Boomers for~Millennials' Problems; Guest:
                  Helen Andrews; Ep.~446},
  year =	 2021,
  url =		 {https://www.youtube.com/watch?v=xZc6UHc54KE},
  urldate =	 {24-VIII-2024},
}



@online{ The-Realignment-Helen-Andrews-How-Boomers-Promised-ETC-Ver-2021,
  author =	 {The~Realignment},
  title =	 {Helen Andrews, How Boomers Promised Freedom
                  and~Delivered Disaster. Ep.~88},
  year =	 2021,
  url =		 {https://www.youtube.com/watch?v=TS3Ph6OP30I},
  urldate =	 {26-VIII-2024},
}










@Comment ##############################################################
@Comment Venezuela
@Comment ##############################################################


@online{ Grzeszczuk-Surdel-Co-sie-dzieje-w-Wenezueli-ETC-Ver-2024,
  author =	 {Mateusz Grzeszczuk and Tomasz Surdel},
  title =	 {Co~się dzieje w~Wenezueli? Protesty i~obalone
                  pomniki Hugo Cháveza},
  year =	 2024,
  url =		 {https://www.youtube.com/watch?v=ey1iPRXmDDs},
  urldate =	 {04-VIII-2024},
}










@Comment #############################################################
@Comment West Euroasia
@Comment #############################################################


@online{ Dalekowschodnie-Refleksje-Dlaczego-Azjaci-wydaja-ETC-Ver-2024,
  author =	 {Dalekowschodnie Refleksje},
  title =	 {Dlaczego Azjaci wydają nam~się identyczni.
                  I~wiecznie młodzi},
  year =	 2024,
  url =		 {https://www.youtube.com/watch?v=WaX1y2myOZI},
  urldate =	 {25-VIII-2024},
}














@Comment ###############################
@Comment
@Comment ###############################

















@Comment ###############################
@Comment
@Comment ###############################













@Comment ###############################
@Comment
@Comment ###############################













@Comment ###############################
@Comment
@Comment ###############################












@Comment #############################################################
@Comment
@Comment #############################################################












@Comment #############################################################
@Comment
@Comment #############################################################



@Comment #############################################################
@Comment
@Comment #############################################################












@Comment #############################################################
@Comment
@Comment #############################################################












@Comment #############################################################
@Comment
@Comment #############################################################












@Comment #############################################################
@Comment
@Comment #############################################################












@Comment #############################################################
@Comment
@Comment #############################################################



























@Comment ##############################################################
@Comment
@Comment ##############################################################













@Comment ##############################################################
@Comment
@Comment ##############################################################
