@Comment #############################################################
@Comment #############################################################
@Comment Russia common issues, politics, etc. Netography
@Comment #############################################################
@Comment #############################################################


@online{ didaskalia-Jak-rosyjska-polityk-ocenia-Putina-ETC-Ver-2024,
  author =	 {didaskalia},
  title =	 {Jak rosyjski polityk ocenia Putina, Rosję
                  i~Polaków?; Władimir Ponomariow; Odc.~\#88},
  year =	 2024,
  url =		 {https://www.youtube.com/watch?v=g2LAsAD1Kq0},
  urldate =	 {18-VIII-2024},
}



@online{ Glagoleva-Wrocilam-z-Rosji-i-moge-powiedziec-ETC-Ver-2024,
  author =	 {Olga Glaboleva Rosjanka w~Polsce},
  title =	 {Wróciła z~Rosji i~mogę powiedzieć prawdę. Co zrobiło
                  na mnie wrażenie po 2,5~roku},
  year =	 2024,
  url =		 {https://www.youtube.com/watch?v=PdIsQafTvdk},
  urldate =	 {23-X-2024},
}



@online{ Historia-Realna-Odwieczny-rywal-Rosji-ETC-Ver-2023,
  author =	 {Historia Realna},
  title =	 {Odwieczny rywal Rosji? Polska w~strategii
                  geopolitycznej Putina; Hieronim Grala i~Piotr Zychowicz},
  year =	 2023,
  url =		 {https://www.youtube.com/watch?v=RL0MYGl5vlg},
  urldate =	 {27-VII-2024},
}



@online{ InstytutWschodniUAM-Obwod-Kaliningradzki-FR-ETC-Ver-2011,
  author =	 {InstytutWschodniUAM},
  title =	 {„Obwód Kaliningradzki FR~-- granizon wojskowy czy
                  okno na Europę?”; Mgr M.~Karczewski (WNPiD UAM)},
  year =	 2011,
  url =		 {https://www.youtube.com/watch?v=GlberHwRsBI},
  urldate =	 {13-IX-2024},
}



@online{ Kremlinka-Show-Marek-Meissner-Rosyjska-mafia-i-jej-ETC-Ver-2024,
  author =	 {Kremlinka Show},
  title =	 {Marek Meissner; Rosyjska mafia i~jej powiązania z~Kremlem},
  year =	 2024,
  url =		 {https://www.youtube.com/watch?v=HDcPIekuzbo},
  urldate =	 {27-VII-2024},
}



@online{ Kultura-Liberalna-Rosja-Aleksiej-Nawalny-nie-zyje-ETC-Ver-2024,
  author =	 {Kultura Liberalna},
  title =	 {Prof. Hieronim Grala: Rosja, Aleksiej Nawalny nie
                  żyje. Czemu Putin go~zabił, czego~się boi?},
  year =	 2024,
  url =		 {https://www.youtube.com/watch?v=GlberHwRsBI},
  urldate =	 {13-IX-2024},
}



@online{ Lachowski-ETC-Putin-najwiekczy-morderca-ETC-Ver-2024,
  author =	 {Mateusz Lachowski~-- Korespondent~PL},
  title =	 {Putin~-- największy morderca XXI~wieku. Jak zabija
                  dyktator? Krystyna Kurczab-Redlich i~M.~Lachowski},
  year =	 2024,
  url =		 {https://www.youtube.com/watch?v=pV2CajSEUBo},
  urldate =	 {27-VII-2024},
}



@online{ MHPwW-Dokad-siega-Rosja-Historia-wedlug-ETC-Ver-2024,
  author =	 {Muzeum Historii Polski w~Warszawie},
  title =	 {Dokąd sięga Rosja? Historia według Władimira Putina},
  year =	 2024,
  url =		 {https://www.youtube.com/watch?v=GtuE_QwzVy8},
  urldate =	 {09-VIII-2024},
}



@online{ Onet-Raport-Miedzynarodowy-Czy-na-Kremlu-technokraci-ETC-Ver-2024,
  author =	 {Onet},
  title =	 {Raport międzynarodowy; Czy na Kremlu technokraci
                  wracają do~łask i~władzy},
  year =	 2024,
  url =		 {https://www.youtube.com/watch?v=p8vsojPvjzc},
  urldate =	 {01-VIII-2024},
}



@online{ OSW-Rosyjska-propagadna-oskarza-o-zamach-ETC-Ver-2024,
  author =	 {OSW~-- Ośrodek Studiów Wschodnich},
  title =	 {Rosyjska propaganda oskarża o~zamach pod Moskwą.
                  Reakcje w~Rosji na~zamach},
  year =	 2024,
  url =		 {https://www.youtube.com/watch?v=49wiNpD93qE},
  urldate =	 {23-VII-2024},
}



@online{ OSW-Zamach-w-Rosji-Putin-zabral-glos-ETC-Ver-2024,
  author =	 {OSW~-- Ośrodek Studiów Wschodnich},
  title =	 {Zamach w~Rosji. Putin zabrał głos. Podsumowanie
                  aktualnych informacji},
  year =	 2024,
  url =		 {https://www.youtube.com/watch?v=2GF9fEwrinc},
  urldate =	 {24-VII-2024},
}



@online{ Podroz-bez-Paszportu-Aleksiej-Nawalny-nie-zyje-ETC-Ver-2024,
  author =	 {Podróż bez Paszportu},
  title =	 {Alekiej Nawalny nie~żyje. Największy wróg Putina;
                  Grzegorz Kuczyński},
  year =	 2024,
  url =		 {https://www.youtube.com/watch?v=j0pNnr4mq1k},
  urldate =	 {26-VII-2024},
}



@online{ Podroz-bez-Paszportu-Najwieksza-rafineria-ropy-ETC-Ver-2024,
  author =	 {Podróż bez Paszportu},
  title =	 {Największa rafineria ropy naftowej w~Rosji w~ogniu;
                  Mariusz Marszałkowski},
  year =	 2024,
  url =		 {https://www.youtube.com/watch?v=RBbCJRPxjCo},
  urldate =	 {02-VIII-2024},
}



@online{ Podroz-bez-Paszportu-Putin-starszy-rozpadem-panstwa-ETC-Ver-2024,
  author =	 {Podróż bez Paszportu},
  title =	 {Putn straszy rozpadem państwa. „Zachód i~Ukraina
                  winni zamachu”; Dr Katarzyna Chawryło},
  year =	 2024,
  url =		 {https://www.youtube.com/watch?v=f0e3wH8ajVk},
  urldate =	 {01-VIII-2024},
}



@online{ Podroz-bez-Paszportu-Rosja-Ataki-terrorystyczne-ETC-Ver-2024,
  author =	 {Podróż bez Paszportu},
  title =	 {Rosja: Ataki terrorystyczne w~Dagestanie; Dr
                  Aleksandra Kozioł},
  year =	 2024,
  url =		 {https://www.youtube.com/watch?v=j0pNnr4mq1k},
  urldate =	 {01-VIII-2024},
}



@online{ Podroz-bez-Paszportu-Sinizacja-Rosji-czyli-Moskwa-ETC-Ver-2024,
  author =	 {Podróż bez Paszportu},
  title =	 {Sinizacja Rosji, czyli Moskwa chce w~stronę Azji;
                  Marek Meissner},
  year =	 2024,
  url =		 {https://www.youtube.com/watch?v=b16b4mZapD0},
  urldate =	 {01-VIII-2024},
}



@online{ Podroz-bez-Paszportu-To-wyglada-na-robote-rosyjskich-ETC-Ver-2024,
  author =	 {Podróż bez Paszportu},
  title =	 {„To~wygląda na~robotę rosyjskich służb”. Atak
                  terrorystyczny pod Moskwą; Ppłk rez. Maciej Korowaj},
  year =	 2024,
  url =		 {https://www.youtube.com/watch?v=LjiGA17IubU},
  urldate =	 {27-VII-2024},
}



@online{ Reset-Obywatelski-Rosja-Putina-2024-Hieronim-Grala-ETC-Ver-2024,
  author =	 {Reset Obywatelski},
  title =	 {Rosja Putina~2024~-- Hieronim Grala~-- SITO PYTA~--
                  Paweł Sito},
  year =	 2024,
  url =		 {https://www.youtube.com/watch?v=7mIxkGKtOZE},
  urldate =	 {23-VII-2024},
}



@online{ Silicon-Curtain-The-Fall-Rise-and-Fall-of-One-ETC-Ver-2024,
  author =	 {Silicon Curtain},
  title =	 {Mark GAleotii~-- The~Fall, Rise \& Fall~of One~of
                  the Most Dangerous Warlords in Russia and the World},
  year =	 2024,
  url =		 {https://www.youtube.com/watch?v=KYG-gEvCT4c},
  urldate =	 {11-VIII-2024},
}



@online{ Triggernometry-What-Everyone-Gets-Wrong-ETC-Ver-2024,
  author =	 {Triggernometry},
  title =	 {What Everyone Gets Wrong About Putin; Historian Mark
                  Galeotti},
  year =	 2024,
  url =		 {https://www.youtube.com/watch?v=8cs26uS4QgU},
  urldate =	 {01-VIII-2024},
}



@online{ Uklad-otwarty-ETC-Witold-Jurasz-Putin-jest-jak-Rosja-ETC-Ver-2022,
  author =	 {Układ otwarty~-- Igor Janke},
  title =	 {Witold Jurasz: Putin jest jak Rosja. On nie jest
                  wytworem KGB, jest z~petersburskiego podwórka},
  year =	 2022,
  url =		 {https://www.youtube.com/watch?v=UYPsa5hm8Vw},
  urldate =	 {01-VIII-2024},
}



@online{ Washington-Post-Live-Vladimir-Kara-Murza-on-Russias-ETC-Ver-2024,
  author =	 {Washington Post Live},
  title =	 {Vladimir Kara-Murza on Russia’s future after Putin},
  year =	 2024,
  url =		 {https://www.youtube.com/watch?v=iiOfjpNmMM8},
  urldate =	 {18-VIII-2024},
}



@online{ WPN-IV-rzesza-kremlowskia-ETC-Ver-2024,
  author =	 {Wirtualna Polska News},
  title =	 {„IV rzesza kremlowska”. Rozmowy pokojowe bez~Rosji.
                  Prof.~Grala: Putni nie przewiduje końca wojna},
  year =	 2024,
  url =		 {https://www.youtube.com/watch?v=CZGTotU0YY4},
  urldate =	 {23-VII-2024},
}






















































@Comment #########################################
@Comment Analysis of russian propaganda
@Comment #########################################