@Comment ##############################################################
@Comment ##############################################################
@Comment Russian-Ukraine war. Netography
@Comment ##############################################################
@Comment ##############################################################



@online{ Wirtualna-Polska-News-Rosjanie-w-szoku-ETC-Ver-2024,
  author =	 {Wirtualna Polska News},
  title =	 {Rosjanie w~szoku. Putin zarządza masową ewakuację
                  Kurska. Maja Wolny: Nie mieści im~się to w~głowie},
  year =	 2024,
  url =		 {https://www.youtube.com/watch?v=6p7klG7sGj4},
  urldate =	 {2024-08-12},
}









@Comment ##############################################################
@Comment 2022 year
@Comment ##############################################################


@Comment #############################################################
@Comment
@Comment #############################################################













@Comment ##############################################################
@Comment
@Comment ##############################################################













@Comment ##############################################################
@Comment
@Comment ##############################################################












@Comment ##############################################################
@Comment
@Comment ##############################################################



@Comment #########################################
@Comment Nowy Ład, year 2022
@Comment #########################################


@online{ Nowy-Lad-Iran-a-inwazja-na-Ukrainie-ETC-Ver-2022,
  author =	 {Nowy Ład},
  title =	 {Iran a~inwazja na~Ukrainie. Czy wojna to szansa
                  na~powrót do~umowy nuklearnej?},
  year =	 2022,
  url =		 {https://www.youtube.com/watch?v=3IHuKJhV78k},
  urldate =	 {2024-08-14},
}










@Comment #########################################
@Comment STG Series
@Comment #########################################


@online{ STG-Series-Understanding-the-War-in-Ukraine-Ep-1-ETC-Ver-2024,
  author =	 {STG Series},
  title =	 {Understanding the~War in~Ukraine. Ep.~1: General},
  year =	 2022,
  url =		 {https://www.youtube.com/watch?v=OhwfC_Vh4DI},
  urldate =	 {2024-10-28},
}










@Comment ##############################################################
@Comment 2023 year
@Comment ##############################################################


@Comment #########################################
@Comment Ośrodek Studiów Wschodnich, year 2023
@Comment #########################################


@Comment ###############################
@Comment Analysis of russian propaganda
@Comment Year 2023
@Comment ###############################


@online{ OSW-Co-media-w-Rosji-mowily-o-buncie-ETC-Ver-2024,
  author =	 {OSW~-- Ośrodek Studiów Wschodnich},
  title =	 {Co~media w~Rosji mówiły o~buncie? Rosyjska
                  propaganda i~bunt Prigożyna},
  year =	 2023,
  url =		 {https://www.youtube.com/watch?v=PRzrV1CR_mk},
  urldate =	 {2024-08-16},
}




@Comment ##############################################################
@Comment 2024 year
@Comment ##############################################################


@Comment #########################################
@Comment Economy and Russian-Ukraine war, year 2024
@Comment #########################################


@online{ didaskali-W-jakim-stanie-jest-gospodarka-ETC-Ver-2024,
  author =	 {didaskali},
  title =	 {W~jakim stanie jest gospodarka Rosji?; Paweł
                  Jeżowski~-- didaskalia \#83},
  year =	 2024,
  url =		 {https://www.youtube.com/watch?v=88ySuj7dXEc},
  urldate =	 {2024-08-21},
}










@Comment #########################################
@Comment Kremlinka Show, year 2024
@Comment #########################################


@online{ Kremlinka-Show-Rosyjska-branza-gazowa-zatopiona-ETC-Ver-2024,
  author =	 {Kremlinka Show},
  title =	 {Rosyjska branża gazowa zatopiona przez Kreml.
                  Sektorowi grozi paraliż},
  year =	 2024,
  url =		 {https://www.youtube.com/watch?v=K3eOHNZfrLQ},
  urldate =	 {2024-10-06},
}



@online{ Kremlinka-Show-Stan-Rosjan-powazniejsze-niz-mozna-ETC-Ver-2024,
  author =	 {Kremlinka Show},
  title =	 {Straty Rosjan poważniejsze niż można by~się
                  spodziewać. Reżim odczuje to mocno},
  year =	 2024,
  url =		 {https://www.youtube.com/watch?v=RtYfmLvMDSE},
  urldate =	 {2024-09-13},
}



@online{ -ETC-Ver-2024,
  author =	 {},
  title =	 {},
  date =	 2024,
  url =		 {https://www.youtube.com/watch?v=NE-42Y_et-I},
  urldate =	 {},
}



@online{ -rzesza-kremlowskia-ETC-Ver-2024,
  author =	 {},
  title =	 {},
  url =		 {https://www.youtube.com/watch?v=CZGTotU0YY4},
  urldate =	 {},
  note =	 {},
}



@online{ -w-Rosji-Putin-zabral-glos-ETC-Ver-2024,
  author =	 {},
  title =	 {},
  url =		 {https://www.youtube.com/watch?v=2GF9fEwrinc},
  urldate =	 {},
  note =	 {},
}










@Comment #########################################
@Comment Ośrodek Studiów Wschodnich, year 2024
@Comment #########################################


@online{ OSW-Czy-Zelenski-wciaz-jest-prezydentem-Ukrainy-Ver-2024,
  author =	 {Ośrodek Studiów Wschodnich},
  title =	 {Czy Zełenski wciąż jest prezydentem Ukrainy?},
  year =	 2024,
  url =		 {https://www.youtube.com/watch?v=VW7vx2_JpD0},
  urldate =	 {2024-08-22},
}



@online{ OSW-Rosjanie-o-ataku-Ukrainy-Reakcja-spoleczenstwa-Ver-2024,
  author =	 {Ośrodek Studiów Wschodnich},
  title =	 {Rosjanie o~ataku Ukrainy. Reakcja społeczeństwa},
  year =	 2024,
  url =		 {https://www.youtube.com/watch?v=kOBnKpw9WbE},
  urldate =	 {2024-08-13},
}



@online{ OSW-Ukraincy-weszli-do-Rosji-ETC-Ver-2024,
  author =	 {Ośrodek Studiów Wschodnich},
  title =	 {Ukraińcy weszli do~Rosji. Putin zwołuje Radę
                  Bezpieczeństwa. Nowy odcinek frontu?},
  year =	 2024,
  url =		 {https://www.youtube.com/watch?v=-GIiB8gTvFo},
  urldate =	 {2024-08-09},
}










@Comment ###############################
@Comment Analysis of russian propaganda
@Comment Year 2024
@Comment ###############################


@online{ OSW-Propaganda-w-poplochu-Rosyjskie-media-o-ataku-ETC-Ver-2024,
  author =	 {OSW~-- Ośrodek Studiów Wschodnich},
  title =	 {Propaganda w~popłochu. Rosyjskie media o~ataku
                  Ukrainy},
  year =	 2024,
  url =		 {https://www.youtube.com/watch?v=V0MFX5RwzoM},
  urldate =	 {2024-08-09},
}



@online{ OSW-Rosyjska-propaganda-oskarza-o-zamach-pod-Moskwa-ETC-Ver-2024,
  author =	 {OSW~-- Ośrodek Studiów Wschodnich},
  title =	 {Rosyjska propaganda oskarża o~zamach pod Moskwą.
                  Reakcje w~Rosji na~zamach},
  date =	 2024,
  url =		 {https://www.youtube.com/watch?v=49wiNpD93qE},
  urldate =	 {2024-07-23},
}










@Comment #########################################
@Comment Podróż bez Paszporku, year 2024
@Comment #########################################


@online{ Podroz-bez-Paszportu-Atak-na-miasto-Dniepr-ETC-Ver-2024,
  author =	 {Podróż bez Paszportu},
  title =	 {Atak na~miasto Dniepr. Rosjanie testują nową broń?;
                  dr Marek Kozubel},
  year =	 2024,
  url =		 {https://www.youtube.com/watch?v=-j7VjdOctM0},
  urldate =	 {2024-12-04},
}



@online{ Podroz-bez-Paszportu-Bardzo-trudna-sytuacja-Ukrainy-ETC-Ver-2024,
  author =	 {Podróż bez Paszportu},
  title =	 {Bardzo trudna sytuacja Ukrainy w~Donbasie [31.08] |
                  Raport z~frontu},
  year =	 2024,
  url =		 {https://www.youtube.com/watch?v=NE-42Y_et-I},
  urldate =	 {2024-09-02},
}



@online{ Podroz-bez-Paszportu-Biden-chce-zdazyc-ze-ETC-Ver-2024,
  author =	 {Podróż bez Paszportu},
  title =	 {Biden chce zdążyć ze~wsparciem dla Ukrainy. W~tle
                  miliardy dolarów; Marek Meissner},
  year =	 2024,
  url =		 {https://www.youtube.com/watch?v=A9ZWiztr_rs},
  urldate =	 {2024-12-03},
}



@online{ Podroz-bez-Paszportu-Francuskie-mysliwce-Mirage-ETC-Ver-2024,
  author =	 {Podróż bez Paszportu},
  title =	 {Francuskie myśliwce Mirage dla Ukrainy; Grzegorz Sobczak},
  year =	 2024,
  url =		 {https://www.youtube.com/watch?v=YX26ym4riRE},
  urldate =	 {2024-11-05},
}



@online{ Podroz-bez-Paszportu-Korenewo-w-rekach-Ukrainy-ETC-Ver-2024,
  author =	 {Podróż bez Paszportu},
  title =	 {Korenewo w~rękach Ukrainy. Droga na~Rylsk otwarta;
                  dr Marek Kozubel},
  year =	 2024,
  url =		 {https://www.youtube.com/watch?v=3DUsbQ0PXZs},
  urldate =	 {2024-08-17},
}



@online{ Podroz-bez-Paszportu-Operacja-Kurska-trwa-ETC-Ver-2024,
  author =	 {Podróż bez Paszportu},
  title =	 {Operacje Kurska trwa! Jakie tereny zajmuje Ukraina?
                  Problemy rosyjskiego lotnictwa; dr Marek Kozubel},
  year =	 2024,
  url =		 {https://www.youtube.com/watch?v=rHs_pkRGnOg},
  urldate =	 {2024-08-14},
}



@online{ Podroz-bez-Paszportu-Raport-z-frontu-Wuhledar-ETC-Ver-2024,
  author =	 {Podróż bez Paszportu},
  title =	 {Raport z~frontu. Wuhłedar w~rękach Rosjan; dr Marek
                  Kozubel},
  year =	 2024,
  url =		 {https://www.youtube.com/watch?v=NseRuUPhqd4},
  urldate =	 {2024-10-02},
}



@online{ Podroz-bez-Paszportu-Rosjanie-kontratakuja-pod-ETC-Ver-2024,
  author =	 {Podróż bez Paszportu},
  title =	 {Rosjanie kontratakuja pod Kurskiem. Analiza
                  sytuacji; dr Marek Kozubel},
  year =	 2024,
  url =		 {https://www.youtube.com/watch?v=D33wMlbL5Y4},
  urldate =	 {2024-09-19},
}



@online{ Podroz-bez-Paszportu-Rosjanie-maja-klopoty-ETC-Ver-2024,
  author =	 {Podróż bez Paszportu},
  title =	 {Rosjanie mają kłopoty, to widać na froncie; Marek
                  Meissner},
  year =	 2024,
  url =		 {https://www.youtube.com/watch?v=NE-42Y_et-I},
  urldate =	 {2024-07-21},
}



@online{ Podroz-bez-Paszportu-Rosjanie-zatrzymani-pod-Pokrowskiem-Ver-2024,
  author =	 {Podróż bez Paszportu},
  title =	 {Rosjanie zatrzymani pod Pokrowskiem; dr Marek Kozubel},
  year =	 2024,
  url =		 {https://www.youtube.com/watch?v=QfMcnYbRlAQ},
  urldate =	 {2024-09-14},
}



@online{ Podroz-bez-Paszportu-Rosyjska-cerkiew-do-delegalizacji-ETC-Ver-2024,
  author =	 {Podróż bez Paszportu},
  title =	 {Rosyjska cerkiew do~delegalizacji na~Ukrainie;
                  Dr~Andrzej Szabaciuk},
  year =	 2024,
  url =		 {https://www.youtube.com/watch?v=cBbKlgAdICk},
  urldate =	 {2024-08-21},
}



@online{ Podroz-bez-Paszportu-Sekrety-rosyjskiej-gospodarki-ETC-Ver-2024,
  author =	 {Podróż bez Paszportu},
  title =	 {Sekrety rosyjskiej gospodarki. Wzrost czy upadek?;
                  Mateusz Lech},
  year =	 2024,
  url =		 {https://www.youtube.com/watch?v=BzWse-c1wY0},
  urldate =	 {2024-09-12},
}



@online{ Podroz-bez-Paszportu-Trump-wobec-Ukrainy-ETC-Ver-2024,
  author =	 {Podróż bez Paszportu},
  title =	 {Trump wobec Ukrainy: czy USA ograniczą wsparcie?; dr
                  Marek Kozubel},
  year =	 2024,
  url =		 {https://www.youtube.com/watch?v=ZKoBHn85heg},
  urldate =	 {2024-11-10},
}



@online{ Podroz-bez-Paszportu-Ukraina-kontynuuje-ataki-ETC-Ver-2024,
  author =	 {Podróż bez Paszportu},
  title =	 {Ukraina kontynuje ataki w~obwodzie kurskim, budowa
                  okopów; dr Marek Kozubel},
  year =	 2024,
  url =		 {https://www.youtube.com/watch?v=qjRSF-nurAY},
  urldate =	 {2024-08-12},
}



@online{ Podroz-bez-Paszportu-Ukraincy-uderzyli-pociskami-ETC-Ver-2024,
  author =	 {Podróż bez Paszportu},
  title =	 {Ukraińcy uderzyli pociskami ATACMS. Rosja grozi
                  bronią nuklearną; dr Marek Kozubel},
  year =	 2024,
  url =		 {https://www.youtube.com/watch?v=ecvczsantnQ},
  urldate =	 {2024-08-20},
}





























@Comment ##############################################################
@Comment
@Comment ##############################################################





























@Comment #############################################################
@Comment Russia and Russia-Ukraine war, year 2024
@Comment #############################################################


@online{ didaskalia-Jak-rosyjski-polityk-ocenia-Putina-ETC-Ver-2024,
  author =	 {didaskali},
  title =	 {Jak rosyjski polityk ocenia Putina, Rosję
                  i~Polaków?~-- Władimir Pnomariow~-- didaskalia \#88},
  year =	 2024,
  url =		 {https://www.youtube.com/watch?v=g2LAsAD1Kq0},
  urldate =	 {2024-09-25},
}



@online{ Kondziola-Pich-Cyryl-I-na-swietej-wojnie-Ver-2024,
  author =	 {Katarzyna Kondzioła-Pich},
  title =	 {Cyryl~I na świętej wojnie},
  yeart =	 2024,
  url =		 {https://www.youtube.com/watch?v=iFqRqNcCeO8},
  urldate =	 {2024-12-15},
  note =	 {Uniwersytet Szczeciński},
}










@Comment ##############################################################
@Comment
@Comment ##############################################################













@Comment #############################################################
@Comment
@Comment #############################################################











@Comment #############################################################
@Comment
@Comment #############################################################













@Comment ##############################################################
@Comment
@Comment ##############################################################













@Comment #############################################################
@Comment
@Comment #############################################################































@Comment ###############################
@Comment
@Comment ###############################













@Comment ###############################
@Comment
@Comment ###############################













@Comment ###############################
@Comment
@Comment ###############################












@Comment #############################################################
@Comment
@Comment #############################################################












@Comment #############################################################
@Comment
@Comment #############################################################



@Comment #############################################################
@Comment
@Comment #############################################################












@Comment #############################################################
@Comment
@Comment #############################################################












@Comment #############################################################
@Comment
@Comment #############################################################












@Comment #############################################################
@Comment
@Comment #############################################################












@Comment #############################################################
@Comment
@Comment #############################################################
