@Comment ##############################################################
@Comment ##############################################################
@Comment United States of America, common issues, politics, etc.
@Comment Netography
@Comment ##############################################################
@Comment ##############################################################


@online{ Acton-Institute-Did-OJ-Simpson-Break-Amercian-Culture-Ver-2024,
  author =	 {Acton Institute},
  title =	 {Did OJ~Simposon Break American Culture?},
  year =	 2024,
  url =		 {https://www.youtube.com/watch?v=rDaXWxz4Eqk},
  urldate =	 {12-IX-2024},
}



@online{ Acton-Institute-Why-Pot-Stinks-Ver-2024,
  author =	 {Acton Institute},
  title =	 {Why Pot Stinks},
  year =	 2024,
  url =		 {https://www.youtube.com/watch?v=I_WUGxR6exY},
  urldate =	 {12-IX-2024},
}



@online{ C-SPAN-Helen-Andrews-Author-Boomers-Ver-2024,
  author =	 {C-SPAN},
  title =	 {Helen Andrews, Author, "Boomers"},
  year =	 2024,
  url =		 {https://www.youtube.com/watch?v=J27-wSyMCsM},
  urldate =	 {24-VIII-2024},
}



@online{ Gray-Barack-Obama-Americas-Black-Dad-ETC-Ver-2024,
  author =	 {David L. Gray},
  title =	 {Barack Obama (America's Black Dad) Lectures Black
                  Men; David L.~Gray~-- Off Code \&~Unscripted},
  year =	 2024,
  url =		 {https://www.youtube.com/watch?v=-8UKnf5JP38},
  urldate =	 {13-X-2024},
}



@online{ ISI-Helen-Andrews-on-the-Boomers-Ver-2023,
  author =	 {Intercollegiate Studies Institute},
  title =	 {Helen Andrews on the~Boomers},
  year =	 2023,
  url =		 {https://www.youtube.com/watch?v=X1rNY16YSz4},
  urldate =	 {12-VIII-2024},
}



@online{ Meyrat-The-Benedict-Option-Will-Tell-You-More-Ver-2024,
  author =	 {Auguste Meyrat},
  title =	 {\textit{The~Benedict Option} Will Tell You More
                  About Today's Conservatims Than \textit{Hillbilly
                  Elegy}},
  year =	 2024,
  url =
                  {https://crisismagazine.com/opinion/the-benedict-option-will-tell-you-more-about-todays-conservatism-than-hillbilly-elegy},
  urldate =	 {15-VIII-2024},
  note =	 {Crisis Magazine},
}



@online{ Lurie-Irregular-Beats-The-Surprising-Politics-of-ETC-Ver-2024,
  author =	 {Robert Dean Lurie},
  title =	 {Irregular Beats: The~Surprising Politics~of Kerouac,
                  Burroughs, and Ginsberg},
  year =	 2024,
  url =
                  {https://merionwest.com/2024/04/30/irregular-beats-the-surprising-politics-of-kerouac-burroughs-and-ginsberg/},
  urldate =	 {11-VIII-2024},
  note =	 {Merion West},
}



@online{ National-Conservatism-Yoram-Hazony-with-Helen-Andrews-ETC-Ver-2021,
  author =	 {National Conservatism},
  title =	 {Yoram Hazony with Helen Andrews; Boomers vs
                  Milennials; NatConTalk},
  year =	 2021,
  url =		 {https://www.youtube.com/watch?v=CuVEpaHdNfk},
  urldate =	 {25-VIII-2024},
}



@online{ Podroz-bez-Paszportu-Joe-Biden-wycofuje-sie-ETC-Ver-2024,
  author =	 {Podróż bez Paszportu},
  title =	 {Joe Biden wycofuje~się z~wyścigu o~Biały Domu; Rafał
                  Michalski},
  year =	 2024,
  url =		 {https://www.youtube.com/watch?v=vpzb9O0qjO8},
  urldate =	 {21-VII-2024},
}



@online{ Podroz-bez-Paszportu-Starcie-Trump-Harris-ETC-Ver-2024,
  author =	 {Podróż bez Paszportu},
  title =	 {Starcie Trump--Harris. Kto wygrał debatę w~USA?
                  Analiza; Rafał Michalski},
  year =	 2024,
  url =		 {https://www.youtube.com/watch?v=xu_ufcoOHtQ},
  urldate =	 {11-IX-2024},
}



@online{ Podroz-bez-Paszportu-Taylor-Swift-czyl-190-gospodarka-ETC-Ver-2024,
  author =	 {Podróż bez Paszportu},
  title =	 {Taylor Swift, czyli~190 gospodarka świata; Michał
                  Wieczorek},
  year =	 2024,
  url =		 {https://www.youtube.com/watch?v=wvxOrOEgIjk},
  urldate =	 {01-VIII-2024},
}



@online{ Podroz-bez-Paszportu-Trump-czy-Harris-Ver-2024,
  author =	 {Podróż bez Paszportu},
  title =	 {Trump, czy~Harris?; Rafał Michalski},
  year =	 2024,
  url =		 {https://www.youtube.com/watch?v=BnA_3gVWmx8},
  urldate =	 {30-VII-2024},
}



@online{ Sandfay-Reacts-She-Wants-To-Know-Why-White-People-ETC-Ver-2024,
  author =	 {Sandfay Reacts},
  title =	 {She Wants To Know Why White People Keep Adopting
                  Black Babies; Leave Our Black Babies Alone},
  year =	 2024,
  url =		 {https://www.youtube.com/watch?v=6Mn99armLGs},
  urldate =	 {01-VIII-2024},
}



@online{ Stuckey-Blaming-Boomers-for-Millenials-Problems-ETC-Ver-2021,
  author =	 {Allie Beth Stuckey},
  title =	 {Blaming Boomers for~Millennials' Problems; Guest:
                  Helen Andrews; Ep.~446},
  year =	 2021,
  url =		 {https://www.youtube.com/watch?v=xZc6UHc54KE},
  urldate =	 {24-VIII-2024},
}



@online{ The-American-Conservative-TACs-Helen-Andrews-ETC-Ver-2021,
  author =	 {The~American Conservative},
  title =	 {TAC's Helen Andrews and Rod Dreher on BOOMERS},
  year =	 2021,
  url =		 {https://www.youtube.com/watch?v=4mJshiS3d6o},
  urldate =	 {23-IX-2024},
}



@online{ The-Counsel-of-Trent-Abortion-and-Infanticides-LIES-ETC-Ver-2021,
  author =	 {The~Counsel~of Trent},
  title =	 {Abortion \&~Infanticide LIES (Trump-Harris Debate
                  REBUTTED)},
  year =	 2024,
  url =		 {https://www.youtube.com/watch?v=LgRDXfgfXus},
  urldate =	 {23-IX-2024},
}



@online{ The-Realignment-Helen-Andrews-How-Boomers-Promised-ETC-Ver-2021,
  author =	 {The~Realignment},
  title =	 {Helen Andrews, How Boomers Promised Freedom
                  and~Delivered Disaster. Ep.~88},
  year =	 2021,
  url =		 {https://www.youtube.com/watch?v=TS3Ph6OP30I},
  urldate =	 {26-VIII-2024},
}



@online{ The-Spectator-JD-Vance-class-in-America-ETC-Ver-2024,
  author =	 {The Spectator},
  title =	 {JD Vacne, class in~America, and the~future of
                  the~right~-- with Christopher Caldwell},
  year =	 2024,
  url =		 {https://www.youtube.com/watch?v=2DNaDQAvK-M},
  urldate =	 {24-VII-2024},
}






@Comment ##############################################################
@Comment 2024 elections
@Comment ##############################################################


@online{ FBN-Trump-Meets-In-Person-Vietnam-Veteran-ETC-Ver-2024,
  author =	 {Forbes Breaking News},
  title =	 {VIRAL MOMENT: Trump Meets In Person Vietnam Veteran
                  Marine Who Gave Him His Purple Heart Post-Butler},
  year =	 2024,
  url =		 {https://www.youtube.com/watch?v=KuPmzJC_wg8},
  urldate =	 {9-X-2024},
}



@online{ -Ver-2024,
  author =	 {},
  title =	 {},
  year =	 2024,
  url =		 {https://www.youtube.com/watch?v=KuPmzJC_wg8},
  urldate =	 {9-X-2024},
}










@Comment ##############################################################
@Comment Economy
@Comment ##############################################################


@online{ Podroz-bez-Paszportu-Boeing-w-coraz-wiekszym-ETC-Ver-2024,
  author =	 {Podróż bez Paszportu},
  title =	 {Boeing w~coraz większym kryzysie?; Mateusz Kieruzal},
  year =	 2024,
  url =		 {https://www.youtube.com/watch?v=a4XOCm6uYOU},
  urldate =	 {30-VII-2024},
}



@online{ Podroz-bez-Paszportu-Zadyszka-gospodarki-USA-ETC-Ver-2024,
  author =	 {Podróż bez Paszportu},
  title =	 {Zadyszka gospodarki~USA. Co~się dzieje z~dolarem?;
                  Łukasz Zembik},
  year =	 2024,
  url =		 {https://www.youtube.com/watch?v=HdzzRXoT6Qg},
  urldate =	 {18-VIII-2024},
}










@Comment ##############################################################
@Comment Sex
@Comment ##############################################################


@online{ Shapiro-Diddy-Have-Enough-Baby-Oil-Ben-After-Dark-Ver-2024,
  author =	 {Ben Shapiro},
  title =	 {Diddy Have Enough Baby Oil?; Ben After Dark},
  year =	 2024,
  url =		 {https://www.youtube.com/watch?v=eOeAjqp5RbQ},
  urldate =	 {6-X-2024},
}



@online{ -Ver-2024,
  author =	 {},
  title =	 {},
  year =	 2024,
  url =		 {https://www.youtube.com/watch?v=zfXyH_3a3ko},
  urldate =	 {20-VII-2024},
}



@online{ -ETC-Ver-2024,
  author =	 {},
  title =	 {},
  year =	 2024,
  url =		 {https://www.youtube.com/watch?v=Wlq9o5QSZiU},
  urldate =	 {25-VIII-2024},
}





































@Comment ##############################################################
@Comment
@Comment ##############################################################



















@Comment ##############################################################
@Comment
@Comment ##############################################################


@online{ -ETC-Ver-2024,
  author =	 {},
  title =	 {},
  year =	 2024,
  url =		 {https://www.youtube.com/watch?v=jTjPKdWVZeg},
  urldate =	 {26-VII-2024},
}










@Comment ##############################################################
@Comment
@Comment ##############################################################
























@Comment ##############################################################
@Comment
@Comment ##############################################################


@online{ -ETC-Ver-2024,
  author =	 {},
  title =	 {},
  year =	 2024,
  url =		 {https://www.youtube.com/watch?v=72X93mXaIro},
  urldate =	 {04-IX-2024},
}










@Comment ##############################################################
@Comment
@Comment ##############################################################


@online{ -ETC-Ver-2024,
  author =	 {},
  title =	 {},
  year =	 2024,
  url =		 {https://www.youtube.com/watch?v=bJltYgOyiAA},
  urldate =	 {01-VIII-2024},
}










@Comment ##############################################################
@Comment
@Comment ##############################################################


@online{ -ETC-Ver-2024,
  author =	 {},
  title =	 {},
  year =	 2024,
  url =		 {https://www.youtube.com/watch?v=TaROe7dHnvA},
  urldate =	 {25-VII-2024},
}



@online{ -ETC-Ver-2024,
  author =	 {},
  title =	 {},
  year =	 2024,
  url =		 {https://www.youtube.com/watch?v=xR0kKNaRk_U},
  urldate =	 {11-IX-2024},
}



@online{ -Pen-ETC-Ver-2024,
  author =	 {},
  title =	 {},
  year =	 2024,
  url =		 {https://www.youtube.com/watch?v=BBQGfoENHng},
  urldate =	 {30-VIII-2024},
}



@online{ -czy-ETC-Ver-2024,
  author =	 {},
  title =	 {},
  year =	 2024,
  url =		 {https://www.youtube.com/watch?v=OpYSJfn5arY},
  urldate =	 {28-VII-2024},
}



@online{ -ETC-Ver-2022,
  author =	 {},
  title =	 {},
  year =	 2022,
  url =		 {https://www.youtube.com/watch?v=FHCWdPW_J-o},
  urldate =	 {11-IX-2024},
}



@online{ -ETC-Ver-2024,
  author =	 {},
  title =	 {},
  year =	 2024,
  url =		 {https://www.youtube.com/watch?v=mzraxtb6PZw},
  urldate =	 {28-VII-2024},
}



@online{ -ETC-Ver-2024,
  author =	 {},
  title =	 {},
  year =	 2024,
  url =		 {https://www.youtube.com/watch?v=k1qwCPE_aK8},
  urldate =	 {29-VII-2024},
}



@online{ -ETC-Ver-2024,
  author =	 {},
  title =	 {},
  year =	 2024,
  url =		 {https://www.youtube.com/watch?v=GXCn3QuQrb0},
  urldate =	 {11-IX-2024},
}



@online{ -ETC-Ver-2024,
  author =	 {},
  title =	 {},
  year =	 2024,
  url =		 {https://www.youtube.com/watch?v=KooVX5tdupo},
  urldate =	 {20-VII-2024},
}



@online{ -ETC-Ver-2024,
  author =	 {},
  title =	 {},
  year =	 2024,
  url =		 {https://www.youtube.com/watch?v=ZM-ARCAmuv0},
  urldate =	 {02-VIII-2024},
}


























@Comment #############################################################
@Comment
@Comment #############################################################










@Comment #############################################################
@Comment
@Comment #############################################################


@online{ -ETC-Ver-2024,
  author =	 {},
  title =	 {},
  year =	 2024,
  url =		 {https://www.youtube.com/watch?v=DZlIpEWIQF8},
  urldate =	 {31-VII-2024},
}



@online{ -ETC-Ver-2024,
  author =	 {},
  title =	 {},
  year =	 2024,
  url =		 {https://www.youtube.com/watch?v=VjkVQvDzF-M},
  urldate =	 {24-VII-2024},
  note =	 {Nowy Ład},
}



@online{ -Ver-2024,
  author =	 {},
  title =	 {},
  year =	 2024,
  url =		 {https://www.youtube.com/watch?v=a4t_4S1h4Z},
  urldate =	 {03-VIII-2024},
  note =	 {Intelligence Squared},
}



@online{ -Ver-2024,
  author =	 {},
  title =	 {},
  year =	 2024,
  url =		 {https://www.youtube.com/watch?v=LpMQSVp7NTg},
  urldate =	 {24-VII-2024},
  note =	 {Uncommon Knowledge, Hoover Insituation},
}



@online{ -ETC-Ver-2024,
  author =	 {},
  title =	 {},
  year =	 2024,
  url =		 {https://www.youtube.com/watch?v=a4XOCm6uYOU},
  urldate =	 {30-VII-2024},
  note =	 {Podróż bez Paszportu},
}



@online{ -ETC-Ver-2024,
  author =	 {},
  title =	 {},
  year =	 2024,
  url =		 {https://www.youtube.com/watch?v=HdzzRXoT6Qg},
  urldate =	 {18-VIII-2024},
  note =	 {Podróż bez Paszportu},
}



@online{ -Ver-2024,
  author =	 {},
  title =	 {},
  year =	 2024,
  url =		 {https://www.youtube.com/watch?v=K12_vx6I7Ec},
  urldate =	 {18-VIII-2024},
  note =	 {Podróż bez Paszportu},
}










@Comment #############################################################
@Comment
@Comment #############################################################


@online{ -ETC-Ver-2024,
  author =	 {},
  title =	 {},
  year =	 2024,
  url =		 {https://www.youtube.com/watch?v=gkjoMiisbdQ},
  urldate =	 {21-VIII-2024},
  note =	 {Podróż bez Paszportu},
}










@Comment ##############################################################
@Comment
@Comment ##############################################################


@online{ -Ver-2024,
  author =	 {},
  title =	 {},
  year =	 2024,
  url =		 {https://www.youtube.com/watch?v=YqGWf27qq-k},
  urldate =	 {26-VII-2024},
}



@online{ -Ver-2024,
  author =	 {},
  title =	 {},
  year =	 2024,
  url =		 {https://www.youtube.com/watch?v=4lSG5Umd0i4},
  urldate =	 {30-VII-2024},
}



@online{ -ETC-Ver-2024,
  author =	 {},
  title =	 {},
  year =	 2024,
  url =		 {https://www.youtube.com/watch?v=kF4swfwnB3g},
  urldate =	 {04-IX-2024},
}



@online{ -ETC-Ver-2024,
  author =	 {},
  title =	 {},
  year =	 2024,
  url =		 {https://www.youtube.com/watch?v=oIwLmQM1ufc},
  urldate =	 {04-IX-2024},
}



@online{ -Ver-2024,
  author =	 {},
  title =	 {},
  year =	 2024,
  url =		 {https://www.youtube.com/watch?v=DTNLdalGXRw},
  urldate =	 {27-VIII-2024},
}










@Comment ##############################################################
@Comment
@Comment ##############################################################


@online{ -ETC-Ver-2024,
  author =	 {},
  title =	 {},
  year =	 2024,
  url =		 {https://www.youtube.com/watch?v=CC1nsBIZZfc},
  urldate =	 {21-VIII-2024},
}










@Comment ##############################################################
@Comment
@Comment ##############################################################


@online{ -ETC-Ver-2023,
  author =	 {},
  title =	 {},
  year =	 2023,
  url =		 {https://www.youtube.com/watch?v=W165XhS9liA},
  urldate =	 {10-IX-2024},
}



@online{ -ETC-Ver-2024,
  author =	 {},
  title =	 {},
  year =	 2024,
  url =		 {https://www.youtube.com/watch?v=zPXm8YkusbU},
  urldate =	 {10-IX-2024},
}



@online{ -ETC-Ver-2024,
  author =	 {},
  title =	 {},
  year =	 2024,
  url =		 {https://www.youtube.com/watch?v=hL-oripk5nE},
  urldate =	 {10-IX-2024},
}



@online{ -ETC-Ver-2024,
  author =	 {},
  title =	 {},
  year =	 2024,
  url =		 {https://www.youtube.com/watch?v=iqvyg2rnpaA},
  urldate =	 {10-IX-2024},
}



@online{ -ETC-Ver-2024,
  author =	 {},
  title =	 {},
  year =	 2024,
  url =		 {https://www.youtube.com/watch?v=h8wG7LftHRA},
  urldate =	 {03-VIII-2024},
}



@online{ -ETC-Ver-2024,
  author =	 {},
  title =	 {},
  year =	 2024,
  url =		 {https://www.youtube.com/watch?v=yHvrWQtIXD0},
  urldate =	 {10-IX-2024},

}



@online{ -ETC-Ver-2023,
  author =	 {},
  title =	 {},
  year =	 2023,
  url =		 {https://www.youtube.com/watch?v=AHCTiVXVjdI},
  urldate =	 {03-VIII-2024},
}



@online{ -ETC-Ver-2024,
  author =	 {},
  title =	 {},
  year =	 2024,
  url =		 {https://www.youtube.com/watch?v=iqvyg2rnpaA},
  urldate =	 {26-VII-2024},
}






















@Comment ###############################
@Comment
@Comment ###############################


@online{ -ETC-Ver-2020,
  author =	 {},
  title =	 {},
  year =	 2020,
  url =		 {https://www.youtube.com/watch?v=ZFYRTcgLfN8},
  urldate =	 {21-VIII-2024},
}








































@Comment ##############################################################
@Comment
@Comment ##############################################################


@online{ -ETC-Ver-2022,
  author =	 {},
  title =	 {},
  year =	 2022,
  url =		 {https://www.youtube.com/watch?v=Ny7yl_D67ZM},
  urldate =	 {15-VIII-2024},
}










@Comment ##############################################################
@Comment
@Comment ##############################################################


@online{ -Ver-2017,
  author =	 {},
  title =	 {},
  year =	 2017,
  url =		 {https://www.youtube.com/watch?v=Y8uPr1T36Os},
  urldate =	 {27-VII-2024},
}



@online{ -Gen-Z-Ver-2024,
  author =	 {},
  title =	 {},
  year =	 2024,
  url =		 {https://www.youtube.com/watch?v=OQs4NERVZxc},
  urldate =	 {14-VIII-2024},
}



@online{ -ze-ETC-Ver-2024,
  author =	 {},
  title =	 {},
  year =	 2024,
  url =		 {https://www.youtube.com/watch?v=QcqtQ-tWSAo},
  urldate =	 {17-VIII-2024},
}










@Comment ###############################
@Comment
@Comment ###############################










@Comment ##############################################################
@Comment
@Comment ##############################################################


@online{ -Ver-2024,
  author =	 {},
  title =	 {},
  year =	 2024,
  url =		 {https://www.youtube.com/watch?v=ZWG-6bLHqD0},
  urldate =	 {11-VIII-2024},
}











@Comment ##############################################################
@Comment
@Comment ##############################################################










@Comment ##############################################################
@Comment
@Comment ##############################################################



@Comment #############################################################
@Comment
@Comment #############################################################


@online{ -amsterdamski-ETC-Ver-2024,
  author =	 {},
  title =	 {},
  year =	 2024,
  url =		 {https://www.youtube.com/watch?v=DVGHampqtm4},
  urldate =	 {11-VIII-2024},
}










@Comment ###############################
@Comment
@Comment ###############################


@online{ -ETC-Ver-2024,
  author =	 {},
  title =	 {},
  year =	 2024,
  url =		 {https://www.youtube.com/watch?v=DVGHampqtm4},
  urldate =	 {11-VIII-2024},
  note =	 {Podróż bez Paszportu},
}


















@Comment ##############################################################
@Comment
@Comment ##############################################################


@online{ -ETC-Ver-2024,
  author =	 {},
  title =	 {},
  year =	 2024,
  url =		 {https://www.youtube.com/watch?v=SqHJP3UpuFI},
  urldate =	 {25-VII-2024},
  note =	 {Podróż bez Paszportu},
}



@online{ -Izrael-ETC-Ver-2024,
  author =	 {},
  title =	 {},
  year =	 2024,
  url =		 {https://www.youtube.com/watch?v=DBIh4lztnvY},
  urldate =	 {01-VIII-2024},
  note =	 {Podróż bez Paszportu},
}



@online{ -ETC-Ver-2024,
  author =	 {},
  title =	 {},
  year =	 2024,
  url =		 {https://www.youtube.com/watch?v=ce1jlApCbzY},
  urldate =	 {31-VII-2024},
  note =	 {Podróż bez Paszportu},
}



@online{ -ETC-Ver-2021,
  author =	 {},
  title =	 {},
  year =	 2021,
  url =		 {https://www.youtube.com/watch?v=W165XhS9liA},
  urldate =	 {02-VIII-2024},
  note =	 {Nowy Ład},
}



@online{ -ETC-Ver-2024,
  author =	 {},
  title =	 {},
  year =	 2024,
  url =		 {https://www.youtube.com/watch?v=JfGjXT2q4Z4},
  urldate =	 {02-VIII-2024},
  note =	 {Podcast Ośrodka Studiów Wschodnich},
}



@online{ -ETC-Ver-2022,
  author =	 {},
  title =	 {},
  year =	 2023,
  url =		 {https://www.youtube.com/watch?v=H7YEWzIenIc},
  urldate =	 {09-VIII-2024},
}










@Comment ##############################################################
@Comment
@Comment ##############################################################


















@Comment ##############################################################
@Comment
@Comment ##############################################################


@online{ -o-igrzyska-w-Paryzu-ETC-Ver-2024,
  author =	 {},
  title =	 {},
  year =	 2024,
  url =		 {https://www.youtube.com/watch?v=oyr66wKE-Kg},
  urldate =	 {20-VII-2024},
  note =	 {Podróż bez Paszportu},
}














@Comment ###############################
@Comment
@Comment ###############################


@online{ -znak-ETC-Ver-2024,
  author =	 {},
  title =	 {},
  year =	 2024,
  url =		 {https://www.youtube.com/watch?v=3gyw-ScTyJM},
  urldate =	 {26-VII-2024},
}



@online{ -sie-ETC-Ver-2024,
  author =	 {},
  title =	 {},
  year =	 2024,
  url =		 {https://www.youtube.com/watch?v=R0x4XjMS4Qc},
  urldate =	 {30-VII-2024},
}



@online{ -przenosi-Boze-ETC-Ver-2024,
  author =	 {},
  title =	 {},
  year =	 2024,
  url =		 {https://www.youtube.com/watch?v=BVF4PksxNqE},
  urldate =	 {10-IX-2024},
}










@Comment ##############################################################
@Comment
@Comment ##############################################################


@online{ -i-Polsce-ETC-Ver-2020,
  author =	 {},
  title =	 {},
  year =	 2020,
  url =
                  {https://nlad.pl/roman-dmowski-o-polakach-i-polsce-na-tle-sadow-o-innych-narodach/},
  urldate =	 {27-VII-2024},
  note =	 {Nowy Ład},
}



@online{ -gra-PSL-ETC-Ver-2024,
  author =	 {},
  title =	 {},
  year =	 2024,
  url =		 {https://www.youtube.com/watch?v=sc3v7SZEnac},
  urldate =	 {02-VIII-2024},
}







@online{ -ETC-Ver-2020,
  author =	 {},
  title =	 {},
  year =	 2024,
  url =		 {https://www.youtube.com/watch?v=LM1Gy50Xr5g},
  urldate =	 {27-VII-2024},
}



@online{ -ETC-Ver-2020,
  author =	 {},
  title =	 {},
  year =	 2024,
  url =		 {https://www.youtube.com/watch?v=rvu8N6bA3PI},
  urldate =	 {26-VIII-2024},
}










@Comment ###############################
@Comment
@Comment ###############################


@online{ -Ver-2020,
  author =	 {},
  title =	 {},
  year =	 2020,
  url =		 {https://www.youtube.com/watch?v=1VNwVlgPlqg},
  urldate =	 {11-VIII-2024},
}










@Comment ##############################################################
@Comment
@Comment ##############################################################


















@Comment #############################################################
@Comment USA and Poland
@Comment #############################################################


@online{ Dave-z-Ameryki-Najwiekszy-szok-kulturowy-ETC-Ver-2019,
  author =	 {Dave z~Ameryki},
  title =	 {Największy szok kulturowy w~Polsce: USA vs.~Polska},
  year =	 2019,
  url =		 {https://www.youtube.com/watch?v=iErTa7BJSIs},
  urldate =	 {12-X-2024},
}



@online{ Dave-z-Ameryki-Policja-USA-vs-Polska-Ver-2020,
  author =	 {Dave z~Ameryki},
  title =	 {Policja: USA vs.~Polska},
  year =	 2020,
  url =		 {https://www.youtube.com/watch?v=1VNwVlgPlqg},
  urldate =	 {14-X-2024},
}



@online{ -ETC-Ver-2021,
  author =	 {},
  title =	 {},
  year =	 2021,
  url =		 {https://www.youtube.com/watch?v=npOVXjUSGaw},
  urldate =	 {03-VIII-2024},
}



@online{ -ETC-Ver-2023,
  author =	 {},
  title =	 {},
  year =	 2023,
  url =		 {https://www.youtube.com/watch?v=2GF9fEwrinc},
  urldate =	 {24-VII-2024},
}










@Comment ##############################################################
@Comment
@Comment ##############################################################






@online{ -Ver-2024,
  author =	 {},
  title =	 {?},
  year =	 2024,
  url =		 {https://www.youtube.com/watch?v=lF4qpDG7EnI},
  urldate =	 {14-VIII-2024},
  note =	 {Nowy Ład},
}



@online{ -ETC-Ver-2024,
  author =	 {},
  title =	 {},
  year =	 2024,
  url =		 {https://www.youtube.com/watch?v=kfpoSwzPQss},
  urldate =	 {24-VII-2024},
}



@online{ -Ver-2024,
  author =	 {},
  title =	 {},
  year =	 2023,
  url =		 {https://www.youtube.com/watch?v=iFqRqNcCeO8},
  urldate =	 {24-VII-2024},
}



@online{ -ETC-Ver-2024,
  author =	 {},
  title =	 {},
  year =	 2024,
  url =		 {https://www.youtube.com/watch?v=RGQZ7GhoaOk},
  urldate =	 {09-VIII-2024},
  note =	 {Podróż bez Paszportu},
}



@online{ -ETC-Ver-2024,
  author =	 {},
  title =	 {},
  year =	 2024,
  url =		 {https://www.youtube.com/watch?v=D7429VXirpE},
  urldate =	 {09-VIII-2024},
  note =	 {Podróż bez Paszportu},
}




















@Comment ##############################################################
@Comment
@Comment ##############################################################


@online{ -ETC-Ver-2024,
  author =	 {},
  title =	 {},
  year =	 2024,
  url =		 {https://www.youtube.com/watch?v=ey1iPRXmDDs},
  urldate =	 {04-VIII-2024},
}










@Comment #############################################################
@Comment
@Comment #############################################################


@online{ -Ver-2024,
  author =	 {},
  title =	 {},
  year =	 2024,
  url =		 {https://www.youtube.com/watch?v=WaX1y2myOZI},
  urldate =	 {25-VIII-2024},
}














@Comment @Comment ###############################
@Comment @Comment
@Comment @Comment ###############################

















@Comment @Comment ###############################
@Comment @Comment
@Comment @Comment ###############################













@Comment @Comment ###############################
@Comment @Comment
@Comment @Comment ###############################













@Comment @Comment ###############################
@Comment @Comment
@Comment @Comment ###############################












@Comment #############################################################
@Comment
@Comment #############################################################












@Comment #############################################################
@Comment
@Comment #############################################################



@Comment #############################################################
@Comment
@Comment #############################################################












@Comment #############################################################
@Comment
@Comment #############################################################












@Comment #############################################################
@Comment
@Comment #############################################################












@Comment #############################################################
@Comment
@Comment #############################################################












@Comment #############################################################
@Comment
@Comment #############################################################



























@Comment ##############################################################
@Comment
@Comment ##############################################################













@Comment ##############################################################
@Comment
@Comment ##############################################################




@Comment #############################################################
@Comment
@Comment #############################################################