@Comment ##############################################################
@Comment ##############################################################
@Comment VisualPolitik EN. Netography
@Comment ##############################################################
@Comment ##############################################################



@online{ -szoku-ETC-Ver-2024,
  author =	 {},
  title =	 {},
  year =	 2024,
  url =		 {https://www.youtube.com/watch?v=6p7klG7sGj4},
  urldate =	 {2024-08-12},
}










@Comment ##############################################################
@Comment Poland
@Comment ##############################################################


@online{ VisualPolitik-EN-POLAND-Prepares-for-WAR-Against-RUSSIA-Ver-2024,
  author =	 {VisualPolitik~EN},
  title =	 {POLAND Prepares for~WAR Against RUSSIA},
  url =		 {https://www.youtube.com/watch?v=tay0UnOxb2M},
  urldate =	 {2024-11-23},
}










@Comment ##############################################################
@Comment Romania
@Comment ##############################################################


@online{ -do-Rosji-ETC-Ver-2024,
  author =	 {},
  title =	 {},
  year =	 2024,
  url =		 {https://www.youtube.com/watch?v=-GIiB8gTvFo},
  urldate =	 {09-VIII-2024},
}










@Comment ##############################################################
@Comment Russia-Ukraine war
@Comment ##############################################################


@online{ VisualPolitik-EN-The-Threat-Putin-Ignores-That-ETC-Ver-2024,
  author =	 {VisualPolitik~EN},
  title =	 {The Threat Putin Ignores That Could Bring Russia Down},
  year =	 2024,
  url =		 {https://www.youtube.com/watch?v=9lRi-D2rM4Y},
  urldate =	 {2024-10-04},
}





@Comment ##############################################################
@Comment United States in America
@Comment ##############################################################


@online{ VisualPolitik-EN-Trump-Returns-The-Secret-That-ETC-Ver-2024,
  author =	 {VisualPolitik~EN},
  title =	 {Trump Returns: The~Secret That Enabled His Biggest
                  Success},
  year =	 2024,
  url =		 {https://www.youtube.com/watch?v=zHqv1Jzh07A},
  urldate =	 {2024-07-21},
}



@online{ VisualPolitik-EN-What-NO-ONE-Can-EXPLAIN-About-ETC-Ver-2022,
  author =	 {VisualPolitik~EN},
  title =	 {What NO ONE Can EXPLAIN About the~Attack on~TRUMP},
  year =	 2024,
  url =		 {https://www.youtube.com/watch?v=JPcbTlOGCME},
  urldate =	 {2024-08-26},
}






























@Comment ###############################
@Comment Russian propaganda
@Comment ###############################


@online{ -o-buncie-ETC-Ver-2024,
  author =	 {},
  title =	 {},
  year =	 2023,
  url =		 {https://www.youtube.com/watch?v=V0MFX5RwzoM},
  urldate =	 {16-VIII-2024},
}



@online{ -Rosyjskie-media-o-ataku-ETC-Ver-2024,
  author =	 {},
  title =	 {},
  year =	 2024,
  url =		 {https://www.youtube.com/watch?v=V0MFX5RwzoM},
  urldate =	 {09-VIII-2024},
}










@Comment ##############################################################
@Comment Sweden
@Comment ##############################################################


@online{ VisualPolitik-EN-Sweden-Is-Out-Control-Flooding-ETC-Ver-2024,
  author =	 {VisiualPolitik EN},
  title =	 {Sweden Is~Out~of Control: Flooding Scandinavia With Crime},
  year =	 2024,
  url =		 {https://www.youtube.com/watch?v=FR__7Yc4CpQ},
  urldate =	 {2024-10-30},
}







@online{ -ETC-Ver-2024,
  author =	 {},
  title =	 {},
  year =	 2024,
  url =		 {https://www.youtube.com/watch?v=3DUsbQ0PXZs},
  urldate =	 {17-VIII-2024},
  note =	 {Podróż bez Paszportu},
}



@online{ -ataki-ETC-Ver-2024,
  author =	 {},
  title =	 {},
  year =	 2024,
  url =		 {https://www.youtube.com/watch?v=qjRSF-nurAY},
  urldate =	 {12-VIII-2024},
  note =	 {Podróż bez Paszportu},
}



@online{ -trwa-ETC-Ver-2024,
  author =	 {},
  title =	 {},
  year =	 2024,
  url =		 {https://www.youtube.com/watch?v=rHs_pkRGnOg},
  urldate =	 {14-VIII-2024},
  note =	 {Podróż bez Paszportu},
}



@online{ -Rosyjska-cerkiew-do-delegalizacji-ETC-Ver-2024,
  author =	 {},
  title =	 {},
  year =	 2024,
  url =		 {https://www.youtube.com/watch?v=cBbKlgAdICk},
  urldate =	 {21-VIII-2024},
  note =	 {Podróż bez Paszportu},
}













@Comment ##############################################################
@Comment
@Comment ##############################################################





























@Comment #############################################################
@Comment
@Comment #############################################################


@online{ -o-zamach-ETC-Ver-2024,
  author =	 {},
  title =	 {},
  url =		 {https://www.youtube.com/watch?v=49wiNpD93qE},
  urldate =	 {23-VII-2024},
  note =	 {Ośrodek Studiów Wschodnich}
}



@online{ -rzesza-kremlowskia-ETC-Ver-2024,
  author =	 {},
  title =	 {},
  url =		 {https://www.youtube.com/watch?v=CZGTotU0YY4},
  urldate =	 {23-VII-2024},
  note =	 {Wirtualna Polska News},
}



@online{ -w-Rosji-Putin-zabral-glos-ETC-Ver-2024,
  author =	 {},
  title =	 {},
  url =		 {https://www.youtube.com/watch?v=2GF9fEwrinc},
  urldate =	 {24-VII-2024},
  note =	 {Ośrodek Studiów Wschodnich},
}










@Comment ##############################################################
@Comment
@Comment ##############################################################


@online{ -CRISIS-of-british-conservatism-Ver-2024,
  author =	 {},
  title =	 {},
  url =		 {https://www.youtube.com/watch?v=iFqRqNcCeO8},
  urldate =	 {24-VII-2024},
}










@Comment #############################################################
@Comment
@Comment #############################################################











@Comment #############################################################
@Comment
@Comment #############################################################













@Comment ##############################################################
@Comment
@Comment ##############################################################













@Comment #############################################################
@Comment
@Comment #############################################################































@Comment ###############################
@Comment
@Comment ###############################













@Comment ###############################
@Comment
@Comment ###############################













@Comment ###############################
@Comment
@Comment ###############################












@Comment #############################################################
@Comment
@Comment #############################################################












@Comment #############################################################
@Comment
@Comment #############################################################



@Comment #############################################################
@Comment
@Comment #############################################################












@Comment #############################################################
@Comment
@Comment #############################################################












@Comment #############################################################
@Comment
@Comment #############################################################












@Comment #############################################################
@Comment
@Comment #############################################################












@Comment #############################################################
@Comment
@Comment #############################################################













@Comment #############################################################
@Comment
@Comment #############################################################













@Comment ##############################################################
@Comment
@Comment ##############################################################
