@Comment ##############################################################
@Comment ##############################################################
@Comment VisualPolitik EN and VisualEconomik EN. Netography
@Comment ##############################################################
@Comment ##############################################################



@online{ -szoku-ETC-Ver-2024,
  author =	 {},
  title =	 {},
  year =	 2024,
  url =		 {https://www.youtube.com/watch?v=6p7klG7sGj4},
  urldate =	 {2024-08-12},
}










@Comment ##############################################################
@Comment VisualPolitik EN
@Comment ##############################################################



@Comment #########################################
@Comment Japan in year 2024
@Comment #########################################


@Comment #############################################################
@Comment Poland
@Comment #############################################################


@Comment #########################################
@Comment Poland in year 2024
@Comment #########################################


@online{ VisualPolitik-EN-POLAND-Prepares-for-WAR-Against-RUSSIA-Ver-2024,
  author =	 {VisualPolitik~EN},
  title =	 {POLAND Prepares for~WAR Against RUSSIA},
  url =		 {https://www.youtube.com/watch?v=tay0UnOxb2M},
  urldate =	 {2024-11-23},
}










@Comment ##############################################################
@Comment Romania
@Comment ##############################################################


@online{ -do-Rosji-ETC-Ver-2024,
  author =	 {},
  title =	 {},
  year =	 2024,
  url =		 {https://www.youtube.com/watch?v=-GIiB8gTvFo},
  urldate =	 {},
}










@Comment ##############################################################
@Comment Russia-Ukraine war
@Comment ##############################################################

@Comment #########################################
@Comment Year 2024
@Comment #########################################


@online{ VisualPolitik-EN-US-Opens-the-Door-Ukraine-Fires-ETC-Ver-2024,
  author =	 {VisualPolitik~EN},
  title =	 {U.S. Opens the~Door: Ukraine Fires Missiles at~Russia},
  year =	 2024,
  url =		 {https://www.youtube.com/watch?v=K6gSqCOuN8I},
  urldate =	 {2024-11-23},
}



@online{ VisualPolitik-EN-The-Threat-Putin-Ignores-That-ETC-Ver-2024,
  author =	 {VisualPolitik~EN},
  title =	 {The Threat Putin Ignores That Could Bring Russia Down},
  year =	 2024,
  url =		 {https://www.youtube.com/watch?v=9lRi-D2rM4Y},
  urldate =	 {2024-11-22},
}










@Comment #############################################################
@Comment South Korea
@Comment #############################################################


@Comment #########################################
@Comment Year 2024
@Comment #########################################


@online{ VisualPolitik-EN-Russia-Threatens-to-Punish-South-Korea-Ver-2024,
  author =	 {VisualPolitik~EN},
  title =	 {},
  year =	 2024,
  url =		 {},
  urldate =	 {2024-11-23},
}










@Comment ##############################################################
@Comment United States in America
@Comment ##############################################################


@Comment #########################################
@Comment 2024 elections
@Comment #########################################


@online{ VisualPolitik-EN-Marco-Rubio-as-Secretary-of-State-ETC-Ver-2024,
  author =	 {VisualPolitik~EN},
  title =	 {Marco Rubio as~Secretary~of State: What Does It Mean
                  for US Diplomacy?},
  year =	 2024,
  url =		 {https://www.youtube.com/watch?v=5vPhMHJ8P0U},
  urldate =	 {2024-11-22},
}



@online{ VisualPolitik-EN-This-Is-How-Trump-Plans-to-ETC-Ver-2024,
  author =	 {VisualPolitik~EN},
  title =	 {This Is How Trump Plans to~Expel 11~Million Illegal
                  Immigrants},
  year =	 2024,
  url =		 {https://www.youtube.com/watch?v=v87x5mOwvtQ},
  urldate =	 {2024-11-27},
}



@online{ VisualPolitik-EN-Trump-Returns-The-Secret-That-ETC-Ver-2024,
  author =	 {VisualPolitik~EN},
  title =	 {Trump Returns: The~Secret That Enabled His Biggest
                  Success},
  year =	 2024,
  url =		 {https://www.youtube.com/watch?v=zHqv1Jzh07A},
  urldate =	 {2024-11-22},
}



@online{ VisualPolitik-EN-What-NO-ONE-Can-EXPLAIN-About-ETC-Ver-2022,
  author =	 {VisualPolitik~EN},
  title =	 {What NO ONE Can EXPLAIN About the~Attack on~TRUMP},
  year =	 2024,
  url =		 {https://www.youtube.com/watch?v=JPcbTlOGCME},
  urldate =	 {2024-08-26},
}



@online{ VisualPolitik-EN-Will-Irans-Ayatollahs-Be-the-Next-ETC-Ver-2024,
  author =	 {VisualPolitik~EN},
  title =	 {Will Iran's Ayatollahs Be the~Next to Fall?},
  year =	 2024,
  url =		 {https://www.youtube.com/watch?v=sGc7VfKuEj4},
  urldate =	 {2025-02-05},
}


























@Comment #############################################################
@Comment Middle East
@Comment #############################################################


@Comment #########################################
@Comment 2024 elections
@Comment #########################################


@online{ VisualPolitik-EN-Who-WINS-and-who-LOSES-with-ETC-Ver-2024,
  author =	 {Visual~Politik~EN},
  title =	 {Who WINS and who LOSES with the~new JIHADIST
                  GOVERNMENT in SYRIA?},
  year =	 2024,
  url =		 {https://www.youtube.com/watch?v=C5QuXDPU__g},
  urldate =	 {2024-12-21},
}



@online{ -Rosyjskie-media-o-ataku-ETC-Ver-2024,
  author =	 {},
  title =	 {},
  year =	 2024,
  url =		 {https://www.youtube.com/watch?v=V0MFX5RwzoM},
  urldate =	 {},
}










@Comment ##############################################################
@Comment Sweden
@Comment ##############################################################


@online{ VisualPolitik-EN-Sweden-Is-Out-Control-Flooding-ETC-Ver-2024,
  author =	 {VisiualPolitik EN},
  title =	 {Sweden Is~Out~of Control: Flooding Scandinavia With Crime},
  year =	 2024,
  url =		 {https://www.youtube.com/watch?v=FR__7Yc4CpQ},
  urldate =	 {2024-10-30},
}







@online{ -ETC-Ver-2024,
  author =	 {},
  title =	 {},
  year =	 2024,
  url =		 {https://www.youtube.com/watch?v=3DUsbQ0PXZs},
  urldate =	 {},
  note =	 {},
}







@online{ -trwa-ETC-Ver-2024,
  author =	 {},
  title =	 {},
  year =	 2024,
  url =		 {https://www.youtube.com/watch?v=rHs_pkRGnOg},
  urldate =	 {},
  note =	 {},
}



@online{ -Rosyjska-cerkiew-do-delegalizacji-ETC-Ver-2024,
  author =	 {},
  title =	 {},
  year =	 2024,
  url =		 {https://www.youtube.com/watch?v=cBbKlgAdICk},
  urldate =	 {},
  note =	 {},
}













@Comment ##############################################################
@Comment VisualEconomik EN
@Comment ##############################################################


@Comment #########################################
@Comment Germany
@Comment #########################################


@Comment ###############################
@Comment 2024 year
@Comment ###############################


@online{ VisualEconomik-EN-The-German-Economic-Collapse-ETC-Ver-2024,
  author =	 {VisualEconomik~EN},
  title =	 {The~German Economic Collapse Is~Worse Than We Think},
  url =		 {https://www.youtube.com/watch?v=ZOetQ_mmLuo},
  urldate =	 {2024-11-17},
}










@Comment #########################################
@Comment European Union
@Comment #########################################


@online{ VisualEconomik-EN-Europe-Fears-that-Germanys-ETC-Ver-2025,
  author =	 {VisualEconomik~EN},
  title =	 {Europe Fears that Germany's Economic Disaster Could
                  End the~Euro},
  year =	 2025,
  url =		 {https://www.youtube.com/watch?v=x6lT9ocAgsQ},
  urldate =	 {2025-02-05},
}




















@online{ -w-Rosji-Putin-zabral-glos-ETC-Ver-2024,
  author =	 {},
  title =	 {},
  url =		 {https://www.youtube.com/watch?v=2GF9fEwrinc},
  urldate =	 {},
  note =	 {Ośrodek Studiów Wschodnich},
}










@Comment ##############################################################
@Comment
@Comment ##############################################################


@online{ -CRISIS-of-british-conservatism-Ver-2024,
  author =	 {},
  title =	 {},
  url =		 {https://www.youtube.com/watch?v=iFqRqNcCeO8},
  urldate =	 {},
}










@Comment #############################################################
@Comment
@Comment #############################################################











@Comment #############################################################
@Comment
@Comment #############################################################













@Comment ##############################################################
@Comment
@Comment ##############################################################













@Comment #############################################################
@Comment
@Comment #############################################################































@Comment ###############################
@Comment
@Comment ###############################








































@Comment #############################################################
@Comment
@Comment #############################################################












@Comment #############################################################
@Comment
@Comment #############################################################



@Comment #############################################################
@Comment
@Comment #############################################################
