@Comment ##############################################################
@Comment ##############################################################
@Comment VisualEconomik EN. Netography
@Comment ##############################################################
@Comment ##############################################################



@Comment #############################################################
@Comment Germany
@Comment #############################################################


@Comment #########################################
@Comment 2024 year
@Comment #########################################


@online{ VisualEconomik-EN-The-German-Economic-Collapse-ETC-Ver-2024,
  author =	 {VisualEconomik~EN},
  title =	 {The~German Economic Collapse Is~Worse Than We Think},
  url =		 {https://www.youtube.com/watch?v=ZOetQ_mmLuo},
  urldate =	 {2024-11-17},
}










@Comment #############################################################
@Comment European Union
@Comment #############################################################


@Comment #########################################
@Comment 2025 year
@Comment #########################################


@online{ VisualEconomik-EN-Europe-Fears-that-Germanys-ETC-Ver-2025,
  author =	 {VisualEconomik~EN},
  title =	 {Europe Fears that Germany's Economic Disaster Could
                  End the~Euro},
  year =	 2025,
  url =		 {https://www.youtube.com/watch?v=x6lT9ocAgsQ},
  urldate =	 {2025-02-05},
}










@Comment #############################################################
@Comment Kuba
@Comment #############################################################


@Comment #########################################
@Comment 2025 year
@Comment #########################################


@online{ VisualEconomik-EN-CUBA-begs-the-UN-for-help-ETC-Ver-2025,
  author =	 {VisualEconomik~EN},
  title =	 {CUBA begs the~UN for help: The~Worst Famine in~Decades
                  Devastates the~Country},
  year =	 2025,
  url =		 {https://www.youtube.com/watch?v=OS485Ehxvjo},
  urldate =	 {2025-07-20},
}










@Comment #############################################################
@Comment United States of America
@Comment #############################################################


@Comment #########################################
@Comment 2025 year
@Comment #########################################


@online{ VisualEconomik-EN-International-Rebellion-Against-ETC-Ver-2025,
  author =	 {VisualeEconomik~EN},
  title =	 {Internationa Rebellion Against Trump: "We Are Ready
                  for War"},
  year =	 2025,
  url =		 {https://www.youtube.com/watch?v=-Ycs9oenTOM},
  urldate =	 {2025-03-07},
}
