@Comment #############################################################
@Comment #############################################################
@Comment Engineering, articles
@Comment #############################################################
@Comment #############################################################


@Comment #############################################################
@Comment Vehcicle engineering
@Comment #############################################################


@article{ Hans-B-Pacejka-A-life-in-tyre-mechanics,
  author =	 {Not specified},
  title =	 {Hans B. Pacejka (1934--2017): a~life in~tyre
                  mechanics},
  journal =	 {Vehicle System Dynamics},
  year =	 {2021},
  volume =	 {59},
  number =	 {8},
  pages =	 {1304--1311},
  publisher =	 {Taylor \&~Francis},
  doi =		 {10.1080/00423114.2020.1740748},
  url =		 {https://doi.org/10.1080/00423114.2020.1740748},
  eprint =	 {https://doi.org/10.1080/00423114.2020.1740748},
}
