@Comment #############################################################
@Comment #############################################################
@Comment Audioviusal arts. Articles
@Comment #############################################################
@Comment #############################################################



@Comment #############################################################
@Comment General problems
@Comment #############################################################


@article{ Anderson-Fisher-The-Myth-of-Persistence-of-Vision-Pub-1978,
  author =	 {Joseph Anderson and Barbara Fisher},
  title =	 {The~Myth~of Persistence~of Vision},
  journal =	 {Journal~of the~University Film Association},
  year =	 1978,
  volume =	 30,
  number =	 4,
  pages =	 {3--8},
  url =		 {https://www.jstor.org/stable/20687445},
}



@article{ Anderson-Fisher-The-Myth-of-Persistence-of-Vision-Pub-1978,
  author =	 {Joseph Anderson and Barbara Anderson},
  title =	 {The~Myth~of Persistence~of Vision Revisited},
  journal =	 {Journal~of Film and~Video},
  year =	 1993,
  volume =	 45,
  number =	 1,
  pages =	 {3--12},
  url =		 {https://www.jstor.org/stable/20687993},
}










@Comment #############################################################
@Comment
@Comment #############################################################
