@Comment #############################################################
@Comment #############################################################
@Comment Audioviusal arts. Netography
@Comment #############################################################
@Comment #############################################################



@Comment #############################################################
@Comment
@Comment #############################################################













@Comment #############################################################
@Comment
@Comment #############################################################












@Comment #############################################################
@Comment
@Comment #############################################################












@Comment #############################################################
@Comment
@Comment #############################################################













@Comment #############################################################
@Comment
@Comment #############################################################













@Comment #############################################################
@Comment
@Comment #############################################################
