@Comment #############################################################
@Comment #############################################################
@Comment Film studies, netography
@Comment #############################################################
@Comment #############################################################



@Comment #############################################################
@Comment Criteria: The Catholic Film Podcast
@Comment #############################################################


@online{ Criteria-ETC-Citizen-Kane-1941-Ver-2022,
  author =	 {Criteria: The Catholic Film Podcast},
  title =	 {"Citizen Kane" (1941)},
  year =	 2022,
  url =		 {https://www.youtube.com/watch?v=3bWz04jcDiY},
  urldate =	 {31-VIII-2024},
  note =	 {Catholic Culture},
}



@online{ Criteria-ETC-Fame-kills-Sunset-Boulevard-1950-Ver-2022,
  author =	 {Criteria: The Catholic Film Podcast},
  title =	 {Fame kills: "Sunset Boulevard" (1950)},
  year =	 2022,
  url =		 {https://www.youtube.com/watch?v=qihT7gKDbdw},
  urldate =	 {31-VIII-2024},
  note =	 {Catholic Culture},
}



@online{ Criteria-ETC-Fantasia-1940-w-animator-Tim-Reckart-Ver-2020,
  author =	 {Criteria: The Catholic Film Podcast},
  title =	 {"Fantasia" (1940) w/ animator Tim Reckart},
  year =	 2020,
  url =		 {https://www.youtube.com/watch?v=vMy1YU1bczE},
  urldate =	 {31-VIII-2024},
  note =	 {Catholic Culture},
}



@online{ Criteria-ETC-Film-noir-Out-of-the-Past-1947-Ver-2022,
  author =	 {Criteria: The Catholic Film Podcast},
  title =	 {Film noir: "Out~of the~Past" (1947)},
  year =	 2022,
  url =		 {https://www.youtube.com/watch?v=a0_fkfp87PI},
  urldate =	 {02-IX-2024},
  note =	 {Catholic Culture},
}



@online{ Criteria-ETC-Literalism-vs-Reality-in-ETC-Ver-2021,
  author =	 {Criteria: The Catholic Film Podcast},
  title =	 {Literalism vs.~Reality in "The Mandalorian"},
  year =	 2021,
  url =		 {https://www.youtube.com/watch?v=-R68p8Lkxgw},
  urldate =	 {31-VIII-2024},
  note =	 {Catholic Culture},
}



@online{ Criteria-ETC-Men-explain-Little-Women-ETC-Ver-2022,
  author =	 {Criteria: The Catholic Film Podcast},
  title =	 {Men Explain "Little Women" (1933) to you?},
  year =	 2022,
  url =		 {https://www.youtube.com/watch?v=3uQU3V4m3dw},
  urldate =	 {31-VIII-2024},
  note =	 {Catholic Culture},
}



@online{ Criteria-ETC-Patron-Saint-of-Boomers-ETC-Ver-2021,
  author =	 {Criteria: The Catholic Film Podcast},
  title =	 {Patron Saint~of Boomers: "Gandhi" (1982)},
  year =	 2021,
  url =		 {https://www.youtube.com/watch?v=R-FbOXEuJ0s},
  urldate =	 {31-VIII-2024},
  note =	 {Catholic Culture},
}



@online{ Criteria-ETC-Screwball-comedy-and-Ver-2022,
  author =	 {Criteria: The Catholic Film Podcast},
  title =	 {Screwball comedy and "The Awful Truth" (1937)},
  year =	 2022,
  url =		 {https://www.youtube.com/watch?v=zzOLz0d8mz4},
  urldate =	 {31-VIII-2024},
  note =	 {Catholic Culture},
}



@online{ Criteria-ETC-Stripping-St-Francis-Franceso-1989-Ver-2021,
  author =	 {Criteria: The Catholic Film Podcast},
  title =	 {Stripping St.~Francis: "Francesco" (1989)},
  year =	 2022,
  url =		 {https://www.youtube.com/watch?v=6jGNn4nChP8},
  urldate =	 {21-VIII-2024},
  note =	 {Catholic Culture},
}



@online{ Criteria-ETC-Therese-1986-and-What-Makes-ETC-Ver-2021,
  author =	 {Criteria: The Catholic Film Podcast},
  title =	 {Thérèse (1986), and What Makes a~Good Saint Movie?},
  year =	 2021,
  url =		 {https://www.youtube.com/watch?v=UsW2Vo6HKN0},
  urldate =	 {02-IX-2024},
  note =	 {Catholic Culture},
}



@online{ Criteria-ETC-The-Chosen-an-Education-in-ETC-Ver-2021,
  author =	 {Criteria: The Catholic Film Podcast},
  title =	 {The Chosen, an~Education in~Mediation (Seson~1
                  Discussion)},
  year =	 2021,
  url =		 {https://www.youtube.com/watch?v=3RQ7SxPlUNY},
  urldate =	 {03-VIII-2024},
  note =	 {Catholic Culture},
}



@online{ Criteria-ETC-The-Flowers-of-St-Francis-1950-Ver-2022,
  author =	 {Criteria: The Catholic Film Podcast},
  title =	 {The~Flowers~of St.~Francis (1950)},
  year =	 2022,
  url =		 {https://www.youtube.com/watch?v=Ohxu8uH31dg},
  urldate =	 {31-VIII-2024},
  note =	 {Catholic Culture},
}



@online{ Criteria-Review-Killers-of-the-Flower-Moon-Ver-2023,
  author =	 {Criteria: The Catholic Film Podcast},
  title =	 {Review: Killers~of the~Flower Moon},
  year =	 2023,
  url =		 {https://www.youtube.com/watch?v=W-8Ho3Dn1U4},
  urldate =	 {03-VIII-2024},
  note =	 {Catholic Culture},
}



@online{ Criteria-ETC-Walker-Percys-Moviegoer-ETC-Ver-2021,
  author =	 {Criteria: The Catholic Film Podcast},
  title =	 {Walker Percy's "Moviegoer" w/ Nathan Douglas},
  year =	 2021,
  url =		 {https://www.youtube.com/watch?v=yvW59H3tAHw},
  urldate =	 {31-VIII-2024},
  note =	 {Catholic Culture},
}



@online{ Criteria-ETC-Wild-Strawberries-Ver-2020,
  author =	 {Criteria: The Catholic Film Podcast},
  title =	 {"Wild Strawberries" (1957) w/ James Matthew Wilson},
  year =	 2020,
  url =		 {https://www.youtube.com/watch?v=cG2fTSQywjk},
  urldate =	 {11-VIII-2024},
  note =	 {Catholic Culture},
}



@online{ Criteria-ETC-Wormtongue-in-Times-Square-ETC-Ver-2022,
  author =	 {Criteria: The Catholic Film Podcast},
  title =	 {Wormtongue in~Times Square: "Sweet Smell~of Success"
                  (1957)},
  year =	 2022,
  url =		 {https://www.youtube.com/watch?v=op1tVtrhWYs},
  urldate =	 {02-IX-2024},
  note =	 {Catholic Culture},
}










@Comment #############################################################
@Comment Patrick (H) Willems
@Comment #############################################################


@online{ Willems-Who-Is-Killing-Cinema-ETC-Ver-2023,
  author =	 {Patrick (H) Willems},
  title =	 {Who Is Kiling Cinema?~-- A~Murder Mystery},
  year =	 2023,
  url =		 {https://www.youtube.com/watch?v=RQF82Kj-v0E},
  urldate =	 {28-VII-2024},
}










@Comment #############################################################
@Comment
@Comment #############################################################



@online{ -ETC-Ver-2024,
  author =	 {},
  title =	 {},
  year =	 {},
  url =		 {},
  urldate =	 {24-VII-2024},
  note =	 {},
}










@Comment #############################################################
@Comment
@Comment #############################################################












@Comment #############################################################
@Comment
@Comment #############################################################













@Comment #############################################################
@Comment
@Comment #############################################################













@Comment #############################################################
@Comment
@Comment #############################################################












@Comment #############################################################
@Comment
@Comment #############################################################
