@Comment #############################################################
@Comment #############################################################
@Comment Film and serials. Netography
@Comment #############################################################
@Comment #############################################################



@Comment #############################################################
@Comment
@Comment #############################################################


@online{ Dead-Cells-Immortalis-Episode-1-Ver-2024,
  author =	 {ADN~-- Animation Digital Network},
  title =	 {Dead Cells: Immortalis; \'{E}pisode~1 Complet (VF /
                  SUB EN)},
  year =	 2024,
  url =		 {https://www.youtube.com/watch?v=yrpmajSv6DM},
  urldate =	 {2024-12-24},
}