@Comment #############################################################
@Comment #############################################################
@Comment Audioviusal arts, books
@Comment #############################################################
@Comment #############################################################



@Comment #############################################################
@Comment Analysis of Grzegorz Królikiewicz and his studends
@Comment #############################################################


@book{ Krolikiewicz-Gora-Stoi-Pub-1995,
  author =	 {Grzegorz Królikiewicz},
  title =	 {Góra stoi! Próba analizy filmu Akiry Kurosawy
                  „Sobowtór”},
  publisher =	 {Studio Filmowe~N},
  address =	 {Łódź},
  year =	 1995,
  isbn =	 {83-8611-04-6},
  edition =	 {I},
}










@Comment #############################################################
@Comment Cinema and movies, general works
@Comment #############################################################


@book{ Deleuze-Kino-Obraz-ruch-Obraz-czas-Pub-2008,
  author =	 {Gilles Deleuze},
  title =	 {Kino. 1.~Obraz\dywiz{}ruch. 2.~Obraz\dywiz{}czas},
  publisher =	 {słowo/obraz terytoria},
  address =	 {Gdańsk},
  year =	 2008,
  edition =	 {I},
  series =	 {Klasyka Światowej Humanistyki},
}



@book{ Red-Gwozdz-Europejskie-Manifesty-Kina-Pub-2002,
  editor =	 {Wyb.~Andrzej Gwóźdź},
  title =	 {Europejskie manifesty kina. Od~Matuszewskiego
                  do~Dogmy. Antologia},
  publisher =	 {Wiedza Powszechna},
  series =	 {Klasyka Światowej Humanistyki},
  address =	 {Warszawa},
  year =	 2002,
  edition =	 {I},
}



@book{ Loska-Hitchcock-autor-wsrod-gatunkow-Pub-2002,
  author =	 {Krzysztof Loska},
  title =	 {Hitchcock~-- autor wśród gatunków},
  publisher =	 {Rabid},
  address =	 {Kraków},
  year =	 2002,
  edition =	 {I},
}










@Comment #############################################################
@Comment Discussion about cinema
@Comment #############################################################


@book{ Kletowski-Marecki-Zulawski-Wywiad-rzeka-Pub-2019,
  author =	 {Piotr Kletowski and Piotr Marecki},
  title =	 {Żuławski. Wywiad rzeka},
  publisher =	 {Wydawnictwo Krytyki Politycznej},
  address =	 {Warszawa},
  year =	 2019,
  isbn =	 {978-83-66232-18-1},
  edition =	 {Wydanie~II poprawione},
}










@Comment #############################################################
@Comment East Euroasia cinema and movies
@Comment #############################################################


@book{ Kletowski-Kino-Dalekiego-Wschodu-Pub-2009,
  author =	 {Piotr Kletowski},
  title =	 {Kino Dalekiego Wschodu},
  publisher =	 {Wydawnictwo Krytyki Politycznej},
  address =	 {Warszawa},
  year =	 2009,
  edition =	 {I},
  isbn =	 {978-83-61006-18-3},
}



@book{ Kletowski-Sfilomowac-Dusze,
  author =	 {Piotr Kletowski},
  title =	 {Sfilmować duszę. Mała historia kina japońskiego},
  publisher =	 {Centrum Sztuki i~Techniki Japońskiej Manggha},
  address =	 {Kraków},
  edition =	 {I},
}










@Comment #############################################################
@Comment Polish cinema
@Comment #############################################################


@book{ Haltof-Kino-polskie-Pub-2004,
  author =	 {Marek Haltof},
  title =	 {Kino polskie},
  publisher =	 {słowo/obraz terytoria},
  address =	 {Gdańsk},
  year =	 2004,
  edition =	 {I},
}



@book{ Kornacki-Popiol-i-diament-Andrzej-Wajdy-Pub-2011,
  author =	 {Krzysztof Kornacki},
  title =	 {Popiół i~diament Andrzeja Wajdy},
  publisher =	 {słowo/obraz terytoria},
  address =	 {Gdański},
  year =	 2011,
  edition =	 {I},
}










@Comment #############################################################
@Comment West Euroasia cinema and movies
@Comment #############################################################


@book{ Red-Kletowski-Europejskie-Kino-Gatunkow-Pub-2016,
  editor =	 {Piotr Kletowski},
  title =	 {Europejskie Kino Gatunków},
  publisher =	 {Wydawnictwo Uniwersytetu Jagiellońskiego},
  address =	 {Kraków},
  year =	 2016,
  edition =	 {I},
  isbn =	 9788323341818,
}



@book{ Red-Kletowski-Peplinski-Europejskie-Kino-Gatunkow-II-Pub-2020,
  editor =	 {Piotr Kletowski and Maciej Peplinski},
  title =	 {Europejskie Kino Gatunków 2},
  publisher =	 {Wydawnictwo Uniwersytetu Jagiellońskiego},
  address =	 {Kraków},
  year =	 2020,
  edition =	 {I},
}



@book{ Szczepanski-Zwierciadlo-Bergmana-Pub-2007,
  author =	 {Tadeusz Szczepański},
  title =	 {Zwierciadło Bergmana},
  publisher =	 {słowo/obraz terytoria},
  address =	 {Gdańsk},
  year =	 2007,
  edition =	 {III, poprawione i~uzupełnione},
}
