@Comment #############################################################
@Comment #############################################################
@Comment Film studies, online resources
@Comment #############################################################
@Comment #############################################################





@Comment #############################################################
@Comment Patrick (H) Willems
@Comment #############################################################


@online{ Willems--Ver-2023,
  author =	 {Patrick (H) Willems},
  title =	 {},
year = {},
  url =		 {},
  urldate =	 {26-VII-2024},
}










@Comment #############################################################
@Comment
@Comment #############################################################



@online{ Menkiszak-Zamach-w-Rosji-Putin-zabral-glos-ETC-Ver-2024,
  author =	 {Marek Menkiszak},
  title =	 {Zamach w~Rosji. Putin zabrał głos. Podsumowanie
                  aktualnych informacji},
		  year = {},
  url =		 {https://www.youtube.com/watch?v=2GF9fEwrinc},
  urldate =	 {24-VII-2024},
  note =	 {Ośrodek Studiów Wschodnich},
}










@Comment #############################################################
@Comment
@Comment #############################################################












@Comment #############################################################
@Comment
@Comment #############################################################













@Comment #############################################################
@Comment
@Comment #############################################################













@Comment #############################################################
@Comment
@Comment #############################################################












@Comment #############################################################
@Comment
@Comment #############################################################
