@Comment #############################################################
@Comment #############################################################
@Comment Video games. Netography
@Comment #############################################################
@Comment #############################################################



@Comment #############################################################
@Comment Game reviews and commentary
@Comment #############################################################


@online{ Metatron-Dragon-Age-The-Veilguard-Is-A-DISASTER-ETC-Ver-2024,
  author =	 {Metatron},
  title =	 {Dragon Age The~Veilguard Is A~DISASTER And That's
                  The~TRUTH},
  year =	 2025,
  url =		 {https://www.youtube.com/watch?v=KijVWLsOGIs},
  urldate =	 {2025-01-23},
}



@online{ Metatron-Why-I-Hate-Politics-in-Video-Games-Ver-2025,
  author =	 {Metatron},
  title =	 {Why I~Hate Politics in~Video Games},
  year =	 2025,
  url =		 {https://www.youtube.com/watch?v=smF2Ko20Wys},
  urldate =	 {2025-05-15},
}










@Comment #############################################################
@Comment Dead Cells
@Comment #############################################################


@online{ Disappointed-Giant-Dead-Cells-Beginners-Guide-ETC-Ver-2023,
  author =	 {Disappointed Giant},
  title =	 {Dead Cells Beginner's Guide: Tips and Mechanics
                  to~Help You Win Runs on~0BC},
  year =	 2023,
  url =		 {https://www.youtube.com/watch?v=M8TC5qgBkuo},
  urldate =	 {2024-08-21},
}










@Comment #############################################################
@Comment Game development
@Comment #############################################################


@online{ ThePrimeTime-Its-Not-Looking-Good-For-Games-Devs-Ver-2020,
  author =	 {ThePrimeTime},
  title =	 {It's Not Looking Good For Games Devs\ldots},
  year =	 2024,
  url =		 {https://www.youtube.com/watch?v=MDtuxR3ACNg},
  urldate =	 {2024-11-06},
}










@Comment #############################################################
@Comment Hollow Knight
@Comment #############################################################


@online{ Lifeblood-Core-How-Did-Hollow-Knight-Avoid-ETC-Ver-2022,
  author =	 {Lifeblood Core},
  title =	 {How Did Hollow Knight Characters Avoid Infection?~--
                  Hollow Knight Lore},
  year =	 2022,
  url =		 {https://www.youtube.com/watch?v=KVOjUNjqCTs},
  urldate =	 {2024-08-21},
}



@online{ Rusty-15-Weird-Tips-for-Hollow-Knight-Noobs-Ver-2020,
  author =	 {Rusty.},
  title =	 {15 Weird Tips for Hollow Knight Noobs},
  year =	 2020,
  url =		 {https://www.youtube.com/watch?v=p2XZdUjCrLM},
  urldate =	 {2024-08-21},
}










@Comment #############################################################
@Comment Industry
@Comment #############################################################


@online{ Bellular-News-Blizzard-Changed-Their-Mind-Then-ETC-Ver-2024,
  author =	 {Bellular News},
  title =	 {Blizzard Changed Their Mind, Then GOG Humiliated Them},
  year =	 2024,
  url =		 {https://www.youtube.com/watch?v=csyF67DwI4w},
  urldate =	 {2024-12-11},
}










@Comment #############################################################
@Comment Path of Exile 2
@Comment #############################################################


@online{ Fextralife-Path-of-Exile-2-Early-Access-ETC-Ver-2025,
  author =	 {Fextralife},
  title =	 {Path~of Exile~2 Early Access REVIEW~-- It it
                  the~BEST ARPG~of ALL Time?},
  year =	 2025,
  url =		 {https://www.youtube.com/watch?v=Tx-j678NSKM},
  note =	 {2025-01-21},
}



@online{ The-Act-Man-Path-of-Exile-2-is-What-Diablo-4-ETC-Ver-2025,
  author =	 {The~Act Man},
  title =	 {Path~of Exile~2 is What Diablo~4 Should've Been},
  year =	 2025,
  url =		 {https://www.youtube.com/watch?v=OPyUYBn4gLs},
  urldate =	 {2025-01-29},
}










@Comment #############################################################
@Comment Polish games
@Comment #############################################################


@online{ Kaftann-Tworcy-Cronos-The-New-Dawn-odpowiadaja-na-ETC-Ver-2025,
  author =	 {Kaftann},
  title =	 {Twórcy „Cronos: The~New Dawn” odpowiadają na~WASZE
                  PYTANIE?},
  year =	 2025,
  url =		 {https://www.youtube.com/watch?v=stGo-zMKG6Y},
  urldate =	 {2025-05-16},
}










@Comment #############################################################
@Comment Soulsborn games
@Comment #############################################################


@online{ Shuriff-Dumian-Therapit-breaks-down-how-Souls-Ver-2021,
  author =	 {Shuriff Dumian},
  title =	 {Therapist breaks down how Souls games affect our
                  mental health},
  year =	 2024,
  url =		 {https://www.youtube.com/watch?v=aywSsaYA5T0},
  urldate =	 {2024-08-17},
}










@Comment #############################################################
@Comment Video games and culture
@Comment #############################################################


@online{ Gamers-Unbeaten-Black-Myth-Wukong-Is-NOT-What-ETC-Ver-2024,
  author =	 {Gamers Unbeaten},
  title =	 {Black Myth Wukong Is NOT What You Think},
  year =	 2024,
  url =		 {https://www.youtube.com/watch?v=sJHy7l1K6i4},
  urldate =	 {26-VII-2024},
}
