@Comment #############################################################
@Comment #############################################################
@Comment Biology, netography
@Comment #############################################################
@Comment #############################################################




@Comment #############################################################
@Comment General materials about biology
@Comment #############################################################


@Comment ###################################################
@Comment 2024 year
@Comment ###################################################


@online{ Theories-of-Everythings-ETC-The-Fact-Are-Clear-ETC-Ver-2024,
  author =	 {Theories~of Everything with Curt Jaimungal},
  title =	 {"The~Facts Are Clear: Neo-Darwinism is~DEAD!" Denis
                  Noble},
  year =	 2024,
  url =		 {https://www.youtube.com/watch?v=K-U-ZB3yHK4},
  urldate =	 {2024-08-16},
}



@online{ TIoAaI-Denis-Noble-explains-his-revolutionary-ETC-Ver-2024,
  author =	 {The~Institute~of Art and~Ideas},
  title =	 {Denis Noble explains his~revolutionary theory~of
                  genetics; Genes are not the blueprint for~life},
  year =	 2024,
  url =		 {https://www.youtube.com/watch?v=iNhF8R1qQ0c},
  urldate =	 {2024-08-17},
}










@Comment #############################################################
@Comment Paleontology
@Comment #############################################################


@Comment ###################################################
@Comment 2024 year
@Comment ###################################################


@online{ Raptor-Chatter-Are-We-Overestimating-Fossil-ETC-Ver-2024,
  author =	 {Raptor Chatter},
  title =	 {Are We Overestimating Fossil Sizes?},
  year =	 2024,
  url =		 {https://www.youtube.com/watch?v=oPw4sx1nOdA},
  urldate =	 {2024-09-20},
}
