@book{ Bremer-Wprowadzenie-do-logiki-Pub-2004,
  author =	 {Józef W. Bremer},
  title =	 {Wprowadzenie do~logiki},
  publisher =	 {Wydawnictwo WAM},
  address =	 {Kraków},
  year =	 2004,
  edition =	 {I},
  series =	 {Myśl Filozoficzna},
}



@book{ Priest-Logika-Pub-2023,
  author =	 {Graham Priest},
  title =	 {Logika},
  publisher =	 {Wydawnictwo Uniwersytetu Łódzkiego},
  address =	 {Łódź},
  year =	 2023,
  edition =	 {I},
  series =	 {Krótkie wprowadzenie},
  volume =	 36,
  isbn =	 {978-83-8331-069-5},
  note =	 {Tłum. Elżbieta Drozdowska},
}