@Comment #############################################################
@Comment #############################################################
@Comment #############################################################
DEUS
@Comment #############################################################
@Comment #############################################################
@Comment #############################################################



@Comment ###############################
ŚWIĘCI
@Comment ###############################


@book{ SancteJanChryzostomHomKsiegaRodzaju08,
  author =	 "Sancte Jan Chryzostom",
  title =	 {{Homilie na Księgę Rodzaju (seria pierwsza: Rdz~1--3)}},
  publisher =	 {{Wydawnictwo WAM}},
  address =	 {{Kraków}},
  year =	 2008,
}

@book{ SancteJanKlimakDrabinaRaju11,
  author =	 "Sancte Jan Klimak",
  title =	 {{Drabina Raju}},
  publisher =	 {{Wydawnictwo Marek Derewiecki}},
  address =	 {{Kęty}},
  year =	 2011,
}

@book{ SancteAugustynCivitasDei15,
  author =	 "Sancte Augustyn z~Hippony",
  title =	 {{Państwo Boże}},
  publisher =	 {{Wydawnictwo Marek Derewiecki}},
  address =	 {{Kęty}},
  year =	 2015,
}

@book{ SAugCon,
  author =	 {{Sancte Augustyn z~Hippony}},
  title =	 {{Wyznania}},
  publisher =	 {{Wydawnictwo Znak}},
  address =	 {{Kraków}},
  year =	 2007,
  edition =	 {{IV}},
}

@book{ SancteAugustynOKazaniuPanaNaGorzeIInneDziela89,
  author =	 {{Sancet Augustyn z~Hippony}},
  title =	 {{O kazaniu Pana na Górze. Do Symplicjana o~różnych
                  problemach. Problemy ewangeliczne}},
  publisher =	 {{}},
  address =	 {{Warszawa}},
  year =	 1989,
}

@book{ SAugCD,
  author =	 {{Sancte Augustyn z~Hippony}},
  title =	 {{Państwo Boże}},
  publisher =	 {{Wydawnictwo Marek Derewiecki}},
  address =	 {{Kęty}},
  year =	 2015,
}


@book{ SancteHieronimKomEwangeliiWdSwMateusza08,
  author =	 {{Sancte Hieronim}},
  title =	 {{Komentarz do Ewangelii według św.~Mateusza}},
  publisher =	 {{Wydawnictwo WAM}},
  address =	 {{Kraków}},
  year =	 2008,
}

@book{ SancteJanPawelPamiecITozsamoscII05,
  author =	 "Sancte Jan Paweł~II",
  title =	 {{Pamięć i~tożsamość. Rozmowy na~przełomie
                  tysiącleci}},
  publisher =	 {{Społoczny Instytut Wydawniczy Znak}},
  address =	 {{Kraków}},
  year =	 2005,
  edition =	 {{I}},
}

@book{ SancteTomaszZAkwinuSumaTeologicznaTomI,
  author =	 "Sancte Tomasz z~Akwinu",
  title =	 {{Suma Teologiczna. Tom~I}},
  publisher =	 {{Katolicki Ośrodek Wydawniczy "VERITAS"}},
  address =	 {{London}},
  year =	 1960?,
  edition =	 {{}},
}

@book{ SancteTomaszZAkwinuOKrolowaniu06,
  author =	 {{Sancte Tomasz z~Akwinu}},
  title =	 {{O królowaniu --~królowi Cypru}},
  publisher =	 {{Ośrodek Myśli Politycznej, Wyższa Szkoła Europejska
                  im.~ks.~Józefa Tischnera}},
  address =	 {{Kraków}},
  year =	 {{2006}},
  edition =	 {{I}},
}

@book{ SFSF,
  author =	 {{Sanctae Franciszek Salezy}},
  title =	 {{Filotea czyli droga do życia pobożnego}},
  publisher =	 {{Wydawnictwo AA s.c.}},
  address =	 {{Kraków}},
  year =	 {{2001?}},
}











@Comment ###############################
POZOSTALI AUTORZY
@Comment ###############################


@book{ DaviesZniszczenieMszySwietej16,
  author =	 "Michael Davies",
  title =	 {{Zniszczenie Mszy Świętej czyli Godly Order Cranmera}},
  publisher =	 {{Wydawnictwo ANTYK Marcin Dybowski}},
  address =	 {{Komorów}},
  year =	 2016,
  edition =	 {{I}},
}

@book{ DaviesSoborPapiezaJana11,
  author =	 "Michael Davies",
  title =	 {{Sobór Papieża Jana. Rewolucja liturgiczna.}},
  publisher =	 {{Wydawnictwo ANTYK Marcin Dybowski}},
  address =	 {{Komorów}},
  year =	 2011,
  edition =	 {{I}},
}

@book{ DaviesSoborAWolnoscReligina02,
  author =	 "Michael Davies",
  title =	 {{Sobór Watykański II a~wolność religijna}},
  publisher =	 {{Te Deum}},
  address =	 {{Warszawa}},
  year =	 2002,
  edition =	 {{I}},
}

@book{ DaviesLiturginczeBomby04,
  author =	 "Michael Davies",
  title =	 {{Liturgiczne bomby zegarowe Vaticanum II.
                  Zniszczenie katolickiej wiary przez zmiany
                  w~katolickim kulcie}},
  publisher =	 {{Te Deum}},
  address =	 {{Warszawa}},
  year =	 2004,
  edition =	 {{I}},
}

@book{ GuardiniKCzNSiOWLL69,
  author =	 "Romano Guardini",
  title =	 {{Koniec czasów nowożytnych. Świat i~osoba. Wolność,
                  łaska, los}},
  publisher =	 {{wydawnictwo znak}},
  address =	 {{Kraków}},
  year =	 1969,
  edition =	 {{I}},
}

@book{ HealyMezczyzniIKobiety08,
  author =	 "Mary Healy",
  title =	 {{Mężczyźni i~kobiety~są z~raju}},
  publisher =	 {{Centrum Myśli Jana Pawła~II}},
  address =	 {{Warszawa}},
  year =	 2008,
  edition =	 {{I}},
}

@book{ KerrKatolicyTeolodzy11,
  author =	 "F. Kerr OP",
  title =	 {{Katolicy teolodzy XX wieku}},
  publisher =	 {{Wydawnictwo WAM}},
  address =	 {{Kraków}},
  year =	 2011,
}

@book{ PoslugaMysleniaTomIX11,
  author =	 "Red. Jarosław Kupczak~OP",
  title =	 {{Jan Paweł II. Posługa myślenia}},
  publisher =	 {{Wydawnictwo Naukowe Uniwersytetu Papieskiego Jana
                  Pawła~II w~Krakowie}},
  address =	 {{Kraków}},
  year =	 2011,
  edition =	 {{I}},
  series =	 {{Studia nad myślą Jana Pawła II}},
  volume =	 9,
}

@book{ SeewaldBenedyktXVI16,
  author =	 "Peter Seewald",
  title =	 {{Benedykt XVI. Ostatnie rozmowy}},
  publisher =	 {{Dom Wydawniczy RAFAEL}},
  address =	 {{Kraków}},
  year =	 2016,
  edition =	 {{I}},
}

@book{ MaritainTrzejReformatorzy05,
  author =	 {{Jacques Maritain}},
  title =	 {{Trzej reformatorzy. Luter, Kartezjusz, Rousseau}},
  publisher =	 {{FRONDA~PL sp.~z~o.o., Apostolicum}},
  address =	 {{Warszawa -- Ząbki}},
  year =	 2005,
  edition =	 {{II -- Poprawione}},
}

@book{ PajbanAnatomiaKonfliktu16,
  author =	 {{Ks.~Tadeusz Pajban}},
  title =	 {{Anatomia konfliktu. Między nowym ateizmem
                  a~teologią nauki}},
  publisher =	 {{Copernicus Center Press Sp.~z~o.o.}},
  address =	 {{Kraków}},
  year =	 2016,
  edition =	 {{I}},
}

@book{ RowlandWiaraRatzingera10,
  author =	 {{Tracy Rowland}},
  title =	 {{Wiara Ratzinger, teologia Benedykta XVI}},
  publisher =	 {{Wydawnictwo WAM}},
  address =	 {{Kraków}},
  year =	 2010,
  edition =	 {{I}},
}

@book{ VillaCongar13a,
  author =	 "Ks. dr L. Villa",
  title =	 {{Yves Congar}},
  publisher =	 "Wydawnictwo ANTYK Marcin Dybowski",
  address =	 "Komorów",
  year =	 2013,
  edition =	 {{}},
  series =	 "Rewolucjoniści czasu apokalipsy",
}

@book{ VillaRahner13b,
  author =	 "Ks. dr L. Villa",
  title =	 {{Karl Rahner}},
  publisher =	 "Wydawnictwo ANTYK Marcin Dybowski",
  address =	 "Komorów",
  year =	 2013,
  edition =	 {{}},
  series =	 "Rewolucjoniści czasu apokalipsy",
}





@Comment ###############################
DZIEŁA DYSKUSYJNEJ JAKOŚCI
@Comment ###############################


@book{ SpiewakPiecKsiagTory12,
  author =	 {{Paweł Śpiewak}},
  title =	 {{Pięć ksiąg Tory. Komentarze}},
  publisher =	 {{Wydawnictwo Uniwersytetu Warszawskiego}},
  address =	 {{Warszawa}},
  year =	 2012,
  edition =	 {{I}},
}





@Comment ###############################
ARTYKUŁY
@Comment ###############################


@article{ AustriacoTheologicalFittingness15,
  author =	 {{Nicanor Pier Giorgio Austriaco, O.P.}},
  title =	 {{A~Theological Fittingness Argument
                  for~the~Historicity~of the~Fall~of \emph{Homo
                  Sapiens}}},
  journal =	 {{Nova et Vetera, English Edition}},
  year =	 2015,
  number =	 3,
  pages =	 {{651--667}},
  volume =	 13,
}





@Comment #############################################################
@Comment #############################################################
HISTORIA ŚWIĘTEJ WIARY
@Comment #############################################################
@Comment #############################################################


@book{ CarrollHistoriaChrzecijanstwaTomI09,
  author =	 {{Warren H. Carroll}},
  title =	 {{Historia Chrześcijaństwa. Tom~I: Narodziny
                  Chrześcijaństwa}},
  publisher =	 {{Wydawnictwo Wektory}},
  address =	 {{Bielany Wrocławskie}},
  year =	 2009,
  edition =	 {{I}},
}

@book{ CarrollHistoriaChrzecijanstwaTomII10,
  author =	 {{Warren H. Carroll}},
  title =	 {{Historia Chrześcijaństwa. Tom~II: Budowanie
                  Chrześcijaństwa}},
  publisher =	 {{Wydawnictwo Wektory}},
  address =	 {{Bielany Wrocławskie}},
  year =	 2010,
  edition =	 {{I}},
}

@book{ CarrollHistoriaChrzecijanstwaTomIV11,
  author =	 "Warren H. Carroll",
  title =	 {{Historia Chrześcijaństwa. Tom~IV: Podział
                  Chrześcijaństwa}},
  publisher =	 {{Wydawnictwo Wektory}},
  address =	 {{Bielany Wrocławskie}},
  year =	 2011,
  edition =	 {{I}},
}

@book{ CarrollHistoriaChrzecijanstwaTomVI14,
  author =	 "Warren H. Carroll and Anne W. Carroll",
  title =	 {{Historia Chrześcijaństwa. Tom~VI: Kryzys
                  Chrześcijaństwa}},
  publisher =	 {{Wydawnictwo Wektory}},
  address =	 {{Bielany Wrocławskie}},
  year =	 2014,
  edition =	 {{I}},
}

@Comment Łukasz Czarnecki, ale BibTeX się burzy na Ł
@book{ CzarneckiKonstantynopol17,
  author =	 "Lukasz Czarnecki",
  title =	 {{Konstantynopol~626}},
  publisher =	 {{Bellon}},
  address =	 {{Warszawa}},
  year =	 2017,
  edition =	 {{I}},
}

@book{ GuerrieroImpagliazzoNajnowszaHistoriaKosciola06,
  author =	 "Red. E. Guerriero and M. Impagliazzo",
  title =	 {{Najnowsza historia Kościoła. Katolicy i~kościoły
                  chrześcijańskie w~czasie pontyfikatu Jana Pawła~II
                  (1978--2005)}},
  publisher =	 {{Wydawnictwo M}},
  address =	 {{Kraków}},
  year =	 2006,
  edition =	 {{I}},
}

@book{ KumorHistoriaKosciolaTomI03,
  author =	 "Ks. Bolesław Kumor",
  title =	 {{Historia Kościoła. Tom~I: Strożytność chrześcijaństwa}},
  publisher =	 {{Wydawnictwo KUL}},
  address =	 {{Lublin}},
  year =	 2003,
  edition =	 {{II}},
}

@book{ WiltgenRenWpadaDoTybru10,
  author =	 {{Ralph W. Wiltgen}},
  title =	 {{Ren wpada do Tybru. Historia Soboru
                  Watykańskiego~II}},
  publisher =	 {{Wydawnictwo AA s.c.}},
  address =	 {{Dębogóra}},
  year =	 2010,
  edition =	 {{I}},
}





@Comment #############################################################
@Comment #############################################################
FILOZOFIA
@Comment #############################################################
@Comment #############################################################



@book{ Arytoteles04,
  author =	 {{Arystoteles}},
  title =	 {{Retoryka. Retoryka dla Aleksandra. Poetyka.}},
  publisher =	 {{Wydawnictwo Naukowe~PWN}},
  address =	 {{Warszawa}},
  year =	 2004,
  edition =	 {{}},
}

@book{ BraguePrawoBoga14,
  author =	 {{R\'{e}mi Brague}},
  title =	 {{Prawo Boga. Filozoficzna historia przymierza}},
  publisher =	 {{Teologia Polityczna}},
  address =	 {{Warszawa}},
  year =	 2014,
  edition =	 {{}},
}

@book{ CoplestonHistoriaFilozofiiTomI04,
  author =	 {{Frederick Copleston S.J.}},
  title =	 {{Historia filozofii. Tom~I: Grecja i~Rzym}},
  publisher =	 {{Instytut Wydawniczy PAX}},
  address =	 {{Warszawa}},
  year =	 2004,
  edition =	 {{II}},
  volume =	 {{I}},
}

@book{ CoplestonFilozofieIKultury86,
  author =	 {{Frederick Copleston S.J.}},
  title =	 {{Filozofie i~kultur}},
  publisher =	 {{Instytut Wydawniczy PAX}},
  address =	 {{Warszawa}},
  year =	 1986,
  edition =	 {{I}},
}

@book{ PatriotyzmPolakow06,
  author =	 {{Red.~J.~Kloczkowski}},
  title =	 {{Patriotyzm Polaków. Studia z~historii idei}},
  publisher =	 {{Ośrodek Myśli Politycznej, Wyższa Szkoła Europejska
                  im.~ks.~J.~Tischnera}},
  address =	 {{Kraków}},
  year =	 2006,
  edition =	 {{I}},
  series =	 {{Polskie Tradycje Intelektualne}},
  volume =	 {{I}},
}

@book{ LaoziKsiegaDaoIDe06,
  author =	 {{Laozi}},
  title =	 {{Księga dao i~de z~komentarzami Wang Bi}},
  publisher =	 {{Wydawnictwo Uniwersytetu Jagiellońskiego}},
  address =	 {{Kraków}},
  year =	 2006,
  edition =	 {{I}},
}

@book{ KolakowskiFilozofiaPozytywistyczna09,
  author =	 {{Leszek Kołakowski}},
  title =	 {{Filozofia pozytywistyczna}},
  publisher =	 {{Wydawnictwo Naukowe~PWN}},
  address =	 {{Warszawa}},
  year =	 2009,
  edition =	 {{IV}},
}

@book{ KolakowskiOCoNasPytajaTomI04,
  author =	 {{Leszek Kołakowski}},
  title =	 {{O co nas pytają wielcy filozofowie. Seria~I}},
  publisher =	 {{Wydawnictwo Znak}},
  address =	 {{Kraków}},
  year =	 2004,
  edition =	 {{I}},
}

@book{ KolakowskiOCoNasPytajaTomII05,
  author =	 {{Leszek Kołakowski}},
  title =	 {{O co nas pytają wielcy filozofowie. Seria~II}},
  publisher =	 {{Wydawnictwo Znak}},
  address =	 {{Kraków}},
  year =	 2005,
  edition =	 {{I}},
}

@book{ KolakowskiOCoNasPytajaTomIII08,
  author =	 {{Leszek Kołakowski}},
  title =	 {{O co nas pytają wielcy filozofowie. Seria~III}},
  publisher =	 {{Wydawnictwo Znak}},
  address =	 {{Kraków}},
  year =	 2008,
  edition =	 {{I --~dodruk}},
}

@book{ MacIntyreDziedzictwoCnoty96,
  author =	 {{Alasdair MacIntyre}},
  title =	 {{Dziedzictwo cnoty}},
  publisher =	 {{Wydawnictwo Naukowe~PWN}},
  address =	 {{Warszawa}},
  year =	 1996,
  edition =	 {{I}},
  series =	 {{Biblioteka Współczesnych Filozofów}},
}

@book{ NakamuraSystemyMysleniaLudowWschodu05,
  author =	 {{Nakamura Hajime}},
  title =	 {{Systemy myślenia ludów Wschodu. Indie, Chiny,
                  Tybet, Japonia}},
  publisher =	 {{Wydawnictwo Uniwersytetu Jagiellońskiego}},
  address =	 {{Kraków}},
  year =	 2005,
  edition =	 {{I}},
  series =	 {{EX ORIENTE}},
}

@book{ PlatonLachesProtagoras02,
  author =	 {{Platon}},
  title =	 {{Laches, Protagoras}},
  publisher =	 {{Wydawnictwo ANTYK}},
  address =	 {{Kęty}},
  year =	 2002,
  edition =	 {{I}},
}

@book{ SkoczynskiWolenski10,
  author =	 {{Jan Skoczyński and Jan Woleński}},
  title =	 {{Historia filozofii polskiej}},
  publisher =	 {{Wydawnictwo WAM}},
  address =	 {{Kraków}},
  year =	 2010,
  edition =	 {{I}},
}

@book{ TatarkiewiczHistoriaFilozofiiTomIII05,
  author =	 {{Władysław Tatarkiewicz}},
  title =	 {{Historia filozofii. Tom~III: Filozofia XIX wieku
                  i~współczesna.}},
  publisher =	 {{Wydawnictwo Naukowe~PWN}},
  address =	 {{Warszawa}},
  year =	 2005,
  edition =	 {{XIX}},
  volume =	 {{III}},
}

@book{ TaylorEtykaAutentycznosci02,
  author =	 {{Charles Taylor}},
  title =	 {{Etyka Autentyczności}},
  publisher =	 {{Wydawnictwo Znak}},
  address =	 {{Kraków}},
  year =	 2002,
  edition =	 {{I}},
}

@book{ TischnerNieszczesnyDarWolnosci96,
  author =	 {{Ks.~Józef Tischner}},
  title =	 {{Nieszczęsny dar wolności}},
  publisher =	 {{ZNAK}},
  address =	 {{Kraków}},
  year =	 1996,
  edition =	 {{II}},
}

@book{ VoegelinNowaNaukaPolityki92,
  author =	 {{Eric Voegelin}},
  title =	 {{Nowa nauka polityki}},
  publisher =	 {{Fundacja ,,Aletheia''}},
  address =	 {{Warszawa}},
  year =	 1992,
  edition =	 {{I}},
}

@book{ VoegelinIzraelIObjawienie14,
  author =	 {{Eric Voegelin}},
  title =	 {{Izrael i~Objawienie}},
  publisher =	 {{Teologia Polityczna}},
  address =	 {{Warszawa}},
  year =	 2014,
  edition =	 {{I}},
  seriess =	 {{Ład i~Historia}},
  volume =	 {{I}},
}

@book{ WhiteheadNaukaISwiatNowozytny87,
  author =	 {{Alfred North Whitehead}},
  title =	 {{Nauka i~świat nowożytny}},
  publisher =	 {{Wydawnictwo ZNAK}},
  address =	 {{Kraków}},
  year =	 1987,
  edition =	 {{I}},
}





@Comment ###############################
FILOZOFIA POLITYKI (GŁÓWNIE)
@Comment ###############################




@Comment ###############################
FILOZOFIA NAUKI I FILOZOFUJĄCY NAUKOWCY
@Comment ###############################


@book{ PenroseModaWiaraIFantazja17,
  author =	 "Roger Penrose",
  title =	 {{Moda, wiara i~fantazja w~nowej fizyce
                  Wszechświata}},
  publisher =	 {{Copernicus Center Press}},
  address =	 {{Kraków}},
  year =	 2017,
  edition =	 {{I}},
}





@Comment ###############################
FILOZOFIA WRAZ Z INNYMI NAUKAMI
@Comment ###############################




@Comment #############################################################
@Comment #############################################################
KLASYKA NAUKI
@Comment #############################################################
@Comment #############################################################



@book{ NewtonMatematyczneZasadyFilozofiiPrzyrody11,
  author =	 {{Isaac Newton}},
  title =	 {{Matematyczne zasady filozofii przyrody}},
  publisher =	 {{Copernicus Center Press}},
  address =	 {{Kraków}},
  year =	 2011,
  edition =	 {{I}},
}





@Comment #############################################################
@Comment #############################################################
FIZYKA
@Comment #############################################################
@Comment #############################################################



@Comment ###############################
FIZYKA ELMENTARNA
@Comment ###############################


@book{ FeynmanLeightonSands04,
  author =	 {{R. P. Feynman and R. B. Leighton and M. Sands}},
  title =	 {{Feynman wykłady z~fizyki. Mechanika, szczególna
                  teoria względności}},
  publisher =	 {{Wydawnictwo Naukowe PWN}},
  address =	 {{Warszawa}},
  year =	 2004,
  volume =	 {{I}},
  edition =	 {{V, 1 dodruk}},
}

@book{ JKK73,
  author =	 {{J. Jędrzejewski and W. Kruczek and A. Kujawski}},
  title =	 {{Zbiór zadań z fizyki dla kandydatów na wyższe
                  uczelnie techniczne}},
  publisher =	 {{Wydawnictwo Naukowo\dywiz Techniczne}},
  address =	 {{Warszawa}},
  year =	 1973,
  edition =	 {{I}},
}





@Comment ###############################
MECHANIKA OGÓLNA
@Comment ###############################


@book{ KKR75,
  author =	 "C. Kittel, W. D. Knight and M. A. Ruderman",
  title =	 "Mechanika",
  publisher =	 {{Państwowe Wydawnictwo Naukowe}},
  adress =	 {{Warszawa}},
  year =	 1975,
  edition =	 {{III}},
}

@book{ SiutaMechanikaTechniczna,
  author =	 "W. Siuta",
  title =	 "Mechanika techniczna",
  publisher =	 "Wydawnictwo Szkolne i~Pedagogiczne",
  year =	 {{}},
  edition =	 {{XXVII}},
}

@book{ SkalmierskiMechanika77,
  author =	 "Bogdan Skalmierski",
  title =	 "Mechanika",
  publisher =	 "Państwowe Wydawnictwo Naukowe",
  year =	 1977,
  edition =	 {{I}},
}

@book{ SkalmierskiMechanikaZWytrzymalosciaMaterialow83,
  author =	 "Bogdan Skalmierski",
  title =	 {{Mechanika z~wytrzymałością materiałów}},
  publisher =	 "Państwowe Wydawnictwo Naukowe",
  address =	 "Warszawa",
  year =	 1983,
  edition =	 {{II, zmienione}},
}





@Comment ###############################
MECHANIKA TEORETYCZNA
@Comment ###############################


@book{ ArnoldMetodyMatematyczneMechanikiKlasycznej81,
  author =	 "W. I. Arnold",
  title =	 "Metody matematyczne mechaniki klasycznej",
  publisher =	 {{Państwowe Wydawnictwo Naukowe}},
  address =	 "Warszawa",
  year =	 1981,
  edition =	 {{I}},
}

@book{ IngardenJamiolkowskiMechanikaKlasyczna80,
  author =	 {{R. S. Ingarden and A. Jamiołkowski}},
  title =	 {{Mechanika klasyczna}},
  publisher =	 "Państwowe Wydawnictwo Naukowe",
  address =	 "Warszawa -- Poznań",
  year =	 1980,
  edition =	 {{I}},
}

@book{ KotkinSerbo72,
  author =	 {{G. L. Kotkin and W. G. Serbo}},
  title =	 {{Zbiór zadań z~mechaniki klasycznej}},
  publisher =	 "Wydawnictwo Naukowo\dywiz Techniczne",
  address =	 "Warszawa",
  year =	 1972,
  edition =	 {{I}},
}

@book{ LL06,
  author =	 {{L. D. Landau and J. M. Lifszyc}},
  title =	 "Mechanika",
  publisher =	 "Wydawnictwo Naukowe PWN",
  address =	 "Warszawa",
  year =	 2006,
  edition =	 {{IV}},
}

@book{ NejmarkFufajew71,
  author =	 {{J. I. Nejmark and N. A. Fufajew}},
  title =	 "Dynamika układów nieholonomicznych",
  publisher =	 "Państwowe Wydawnictwo Naukowe",
  address =	 "Warszawa",
  year =	 1971,
  edition =	 {{I}},
}





@Comment ###############################
TERMOSTATYKA, TERMODYNAMIKA I MECHANIKA STATYSTYCZNA
@Comment ###############################


@book{ WerleTermodynamikaFenomenologiczna57,
  author =	 "Józef Werle",
  title =	 {{Termodynamika fenomenologiczna}},
  publisher =	 {{Państwowe Wydawnictwo Naukowe}},
  address =	 "Warszawa",
  year =	 1957,
  edition =	 {{I}},
}

@book{ Walecka11,
  author =	 "John Dirk Walecka",
  title =	 {{Introduction to~Statistical Mechanics}},
  publisher =	 {{World Scientific}},
  address =	 {{New Jersey, London, Singapore, Beijing, Shanghai,
                  Honk Kong, Taipei, Chennai}},
  year =	 2011,
  edition =	 {{I}},
}





@Comment ###############################
OPTYKA
@Comment ###############################


@book{ MeyerArdentWstepDoOptyki77,
  author =	 "J. R. Meyer-Ardent",
  title =	 {{Wstęp do optyki}},
  publisher =	 "Państwowe Wydawnictwo Naukowe",
  address =	 "Warszawa",
  year =	 1977,
  edition =	 {{I}},
}





@Comment ###############################
MECHANIKA KWANTOWA
@Comment ###############################

@book{ Haag96,
  author =	 {{Rudolf Haag}},
  title =	 {{Local Quantum Physics. Field, Particles, Algebras}},
  publisher =	 {{Springer}},
  address =	 {{Berlin, Heidelberg, New York, Barcelona, Budapest
                  Hong Kong, London, Milan, Paris, Santa Clara,
                  Singapore, Tokyo}},
  year =	 1996,
  edition =	 "Second Revised and~Enlarged Edition",
}

@book{ GrabowskiIngardenMechanikaKwantowa87,
  author =	 {{M. Grabowski and R. S. Ingarden}},
  title =	 {{Mechanika kwantowa. Ujęcie w przestrzeni Hilberta}},
  publisher =	 {{Państwowe Wydawnictwo Naukowe}},
  address =	 "Warszawa",
  year =	 1987,
  edition =	 {{I}},
}

@book{ SchiffMechanikaKwantowa87,
  author =	 "Leonard I. Schiff",
  title =	 "Mechanika kwantowa",
  publisher =	 {{Państwowe Wydawnictwo Naukowe}},
  address =	 "Warszawa",
  year =	 1987,
  edition =	 {{II}},
}

@book{ ShankarMechanikaKwantowa06,
  author =	 "R. Shankar",
  title =	 "Mechanika kwantowa",
  publisher =	 "Wydawnictwo Naukowe PWN",
  address =	 "Warszawa",
  year =	 2006,
  edition =	 {{I}},
}





@Comment ###############################
ELEKTRODYNAMIKA KLASYCZNA
@Comment ###############################


@book{ Griffits01,
  author =	 "D. J. Griffits",
  title =	 "Podstawy elektrodynamiki",
  publisher =	 "Wydawnictwo Naukowe PWN",
  address =	 "Warszawa",
  year =	 2001,
  edition =	 {{I}},
}

@book{ Jackson87,
  author =	 "J. D. Jackson",
  title =	 "Elektrodynamika klasyczna",
  publisher =	 "Państwowe Wydawnictwo Naukowe",
  address =	 "Warszawa",
  year =	 1987,
  edition =	 {{II}},
}

@book{ RohrlichKlasycznaTeoriaCzastekNaladowanych81,
  author =	 "Fritz Rohrlich",
  title =	 "Klasyczna teoria cząstek naładowanych",
  publisher =	 "Państwowe Wydawnictwo Naukowe",
  address =	 "Warszawa",
  year =	 1981,
  edition =	 {{I}},
}





@Comment ###############################
FIZYKA FAZY SKONDENSOWANEJ
@Comment ###############################


@book{ IbachLuthFizykaCialaStalego96,
  author =	 {{H. Ibach and H. L\"{u}th}},
  title =	 "Fizyka ciała stałego",
  publisher =	 "Wydawnictwo Naukowe PWN",
  address =	 "Warszawa",
  year =	 1996,
  edition =	 {{I}},
}

@book{ Kittel76,
  author =	 "C. Kittel",
  title =	 "Wstęp do fizyki ciała stałego",
  publisher =	 "Państwowe Wydawnictwo Naukowe",
  address =	 "Warszawa",
  edition =	 {{IV}},
  year =	 1976,
}

@book{ SpalekWstepDoFizykiMateriiSkondensowanej15,
  author =	 {{Józef Spałek}},
  title =	 {{Wstęp do~fizyki materii skondensowanej}},
  publisher =	 {{Wydawnictwo Naukowe PWN}},
  address =	 {{Warszawa}},
  year =	 2015,
  edition =	 {{I}},
}





@Comment ###############################
HYDRODYNAMIKA
@Comment ###############################


@book{ LandauLifszycHydrodynamika94,
  author =	 "L. D. Landau and E. M. Lifszyc",
  title =	 "Hydrodynamika",
  publisher =	 "Wydawnictwo Naukowe PWN",
  address =	 "Warszawa",
  year =	 1994,
  edition =	 {{I}},
}





@Comment ###############################
FIZYKA JĄDROWA
@Comment ###############################


@book{ Strzalkowski97,
  author =	 "Adam Strzałkowski",
  title =	 "Wstęp do fizyki jądra atomowego",
  publisher =	 "Państwowe Wydawnictwo Naukowe",
  volume =	 {{V}},
  series =	 "Biblioteka Fizyki",
  address =	 "Warszawa",
  edition =	 {{III}},
  year =	 1979,
}





@Comment ###############################
FIZYKA STATYSTYCZNA
@Comment ###############################


@book{ HuangMechanikaStatystyczna87,
  author =	 {{Kerson Huang}},
  title =	 {{Mechanika statystyczna}},
  publisher =	 {{Państwowe Wydawnictwo Naukowe}},
  address =	 {{Warszawa}},
  year =	 1987,
  edition =	 {{II}},
}





@Comment ###############################
OGÓLNA TEORIA WZGLĘDNOŚCI
@Comment ###############################


@booklet{ Carroll97,
  author =	 "S. M. Carroll",
  title =	 {{Lecture Notes on General Relativity}},
  howpublished = "arXiv:gr-qc/9712019",
  year =	 1997,
}

@book{ Schutz02,
  author =	 {{B. F. Schutz}},
  title =	 {{Wstęp do~ogólnej teorii względności}},
  publisher =	 {{Wydawnictwo Naukowe PWN}},
  address =	 {{Warszawa}},
  year =	 2002,
  edition =	 {{II}},
}





@Comment ###############################
QFT
@Comment ###############################


@book{ ArodzHadaszFieldTheory10,
  author =	 {{Henryk Arodź and Leszek Hadasz}},
  title =	 {{Lectures on~Cassical and~Quantum Theory~of Fields}},
  publisher =	 {{Springer}},
  address =	 {{Heidelberg, Dordrecht, London, New York}},
  year =	 2010,
  edition =	 {{I}},
}

@book{ BLPElektordynamikaKwantowa11,
  author =	 {{W. B. Bierestecki and J . M. Lifszyc and L. P.
                  Pitajewski}},
  title =	 {{Elektrodynamika kwantowa}},
  publisher =	 {{Wydawnictwo Naukowe PWN}},
  address =	 {{Warszawa}},
  year =	 2011,
  edition =	 {{II -- zmienione}},
}

@book{ Radovanovic08,
  author =	 "V. Radovanović",
  title =	 {{Kwantowa teoria pola w~zadaniach}},
  publisher =	 "Wydawnictwo Naukowe PWN",
  address =	 "Warszawa",
  year =	 2008,
  edition =	 {{I}},
}

@book{ Schewber05,
  author =	 "Silvan S.~Schweber",
  title =	 {{An Introduction to Relativistic Quantum Field
                  Theory}},
  publisher =	 {{Dover Publications, Inc.}},
  address =	 {{Mineola, New York}},
  year =	 {{2005}},
  edition =	 {{I}},
}

@book{ Steinmann00,
  author =	 "Othmar Steinmann",
  title =	 {{Perturbative Quantum Electrodynamics
  and~Axiomatic Field Theory}},
  publisher =	 {{Springer}},
  address =	 {{Berlin, Heidelberg}},
  year =	 {{2000}},
  edition =	 {{I}},
}

@book{ Weinberg12,
  author =	 "Steven Weinberg",
  title =	 {{Teoria pól kwantowych. Podstawy}},
  publisher =	 "Wydawnictwo Naukowe PWN",
  address =	 "Warszawa",
  year =	 2012,
  volume =	 {{I}},
  edition =	 {{I --~1~dodruk}},
}

@book{ Weinberg99,
  author =	 "Steven Weinberg",
  title =	 {{Teoria pól kwantowych. Nowoczesne zastosowania}},
  publisher =	 "Wydawnictwo Naukowe PWN",
  address =	 "Warszawa",
  year =	 1999,
  volume =	 {{II}},
  edition =	 {{I}},
}





@Comment ###############################
TEORIA STRUN
@Comment ###############################




@Comment ###############################
FIZYKA MATEMATYCZNA
@Comment ###############################


@book{ CourantHilbert53,
  author =	 {{Richard Courant and David Hilbert}},
  title =	 {{Methods~of Mathematical Physics}},
  publisher =	 {{Interscience Publishers, INC.}},
  address =	 "New York",
  year =	 1953,
}

@book{ GlimmJaffe81,
  author =	 "J. Glimm and A. Jaffe",
  title =	 {{Quantum Physics. A Functional Point of View}},
  publisher =	 "Springer",
  address =	 {{New York Heidelberg Berlin}},
  year =	 1981,
}

@book{ StreaterWightmanPCT00,
  author =	 {{Raymond F. Streater and Arthur S. Wightman}},
  title =	 {{PCT, Spin and~Statistic, and~All That}},
  publisher =	 "Princton Univeristy Press",
  address =	 {{Princton and~Oxford}},
  year =	 2015,
  edition =	 {{IV}},
}

@book{ MitterPittnerP87,
  author =	 "Editors: H. Mitter and L. Pittner",
  title =	 {{Recent Developments in~Mathematical Physics}},
  publisher =	 "Springer-Verlang",
  address =	 {{Berlin, Heidelberg, New York, London, Paris, Tokyo}},
  year =	 1987,
  edition =	 {{I}},
}

@book{ Thirring85a,
  author =	 "Walter Thirring",
  title =	 {{Fizyka matematyczna. Tom~I: Klasyczne układy
                  dynamiczne.}},
  publisher =	 "Państwowe Wydawnictwo Naukowe",
  address =	 {{Warszawa}},
  year =	 1985,
  volume =	 {{I}},
  edition =	 {{I}},
}

@book{ Thirring85b,
  author =	 "Walter Thirring",
  title =	 {{Fizyka matematyczna. Tom~II: Klasyczna teoria
                  pola.}},
  publisher =	 "Państwowe Wydawnictwo Naukowe",
  address =	 {{Warszawa}},
  year =	 1985,
  volume =	 {{II}},
  edition =	 {{I}},
}

@book{ Thirring86,
  author =	 "Walter Thirring",
  title =	 {{Fizyka matematyczna. Tom~III: Mechanika kwantowa
                  atomów i~cząstek}},
  publisher =	 "Państwowe Wydawnictwo Naukowe",
  address =	 {{Warszawa}},
  year =	 1986,
  volume =	 {{III}},
  edition =	 {{I}},
}

@book{ Thirring87,
  author =	 "Walter Thirring",
  title =	 {{Fizyka matematyczna. Tom~IV: Mechanika kwantowa
                  wielkich układów}},
  publisher =	 "Państwowe Wydawnictwo Naukowe",
  address =	 Warszawa,
  year =	 1987,
  volume =	 {{IV}},
  edition =	 {{I}},
}

@book{ BicadzeKaliniczenko84,
  author =	 "A. W. Bicadze and D. F. Kaliniczenko",
  title =	 "Zbiór zadań z równań fizyki matematycznej",
  publisher =	 "Państwowe Wydawnictwo Naukowe",
  address =	 "Warszawa",
  year =	 1984,
  edition =	 {{I}},
}





@Comment #############################################################
@Comment #############################################################
MATEMATYKA
@Comment #############################################################
@Comment #############################################################



@Comment ###############################
LOGIKA MATEMATYCZNA
@Comment ###############################


@book{ QuineLogikaMatematyczna74,
  author =	 {{Willard Van Orman Quine}},
  title =	 {{Logika matematyczna}},
  publisher =	 {{Państwowe Wydawnictwo Naukowe}},
  address =	 {{Warszawa}},
  year =	 1974,
  edition =	 {{I}},
}





@Comment ###############################
TEORIA GRUP
@Comment ###############################






@Comment ###############################
ALGEBRA


@book{ BialynickiBirulaZarysAlgebry87,
  author =	 {{Andrzej Białynicki\dywiz Birula}},
  title =	 {{Zarys algebry}},
  publisher =	 {{Państwowe Wydawnictwo Naukowe}},
  address =	 {{Warszawa}},
  year =	 1987,
  edition =	 {{I}},
}





@Comment ##############################
ALGEBRA LINIOWA


@book{ ArodzRosciszewskiAlgebraIGeometria05,
  author =	 {{Henryk Arodź and Krzysztof Rościszewski}},
  title =	 {{Algebra i~geometria analityczna w~zadaniach}},
  publisher =	 {{Wydawnictwo Znak}},
  address =	 {{Kraków}},
  year =	 2005,
  edition =	 {{I}},
}

@book{ GancarzewiczArytmetyka00,
  author =	 {{Jacek Gancarzewicz}},
  title =	 {{Arytmetyka}},
  publisher =	 {{Wydawnictwo Uniwersytetu Jagiellońskiego}},
  address =	 {{Kraków}},
  year =	 2000,
  edition =	 {{I}},
}

@book{ GancarzewiczAlgebraLiniowa04,
  author =	 {{Jacek Gancarzewicz}},
  title =	 {{Algebra liniowa i~jej zastosowania}},
  publisher =	 {{Wydawnictwo Uniwersytetu Jagiellońskiego}},
  address =	 {{Kraków}},
  year =	 2004,
  edition =	 {{I}},
}

@book{ HerdegenAlgebraLiniowaIGeometria10,
  author =	 {{Andrzej Herdegen}},
  title =	 {{Algebra liniowa i~geometria}},
  publisher =	 {{DISCEPTO}},
  address =	 {{Kraków}},
  year =	 2010,
  edition =	 {{II --~poprawione i~rozszerzone}},
}





@Comment ###############################
ANALIZA MATEMATYCZNA


@book{ FichtenholzRachunekRiCTomI05,
  author =	 "Grigorij MMichajłowicz Fichtenholz",
  title =	 {{Rachunek różniczkowy i~całkowy}},
  publisher =	 "Wydawnictwo Naukowe PWN",
  address =	 "Warszawa",
  year =	 2005,
  edition =	 {{XII -- trzeci dodruk}},
  volume =	 {{I}},
}

@book{ FichtenholzRachunekRiCTomII04,
  author =	 "Grigorij Michajłowicz Fichtenholz",
  title =	 {{Rachunek różniczkowy i~całkowy}},
  publisher =	 "Wydawnictwo Naukowe PWN",
  address =	 "Warszawa",
  year =	 2004,
  edition =	 {{XII -- drugi dodruk}},
  volume =	 {{II}},
}

@book{ FichtenholzRachunekRiCTomIII05,
  author =	 "Grigorij Michajłowicz Fichtenholz",
  title =	 {{Rachunek różniczkowy i~całkowy}},
  publisher =	 "Wydawnictwo Naukowe PWN",
  address =	 "Warszawa",
  year =	 2004,
  edition =	 {{X --~drugi dodruk}},
  volume =	 {{III}},
}

@book{ KrysickiWlodarskiW05,
  author =	 "Włodzimierz Krysicki, L. Włodarski",
  title =	 {{Analiza matematyczna w~zadaniach}},
  publisher =	 {{Wydawnictwo Naukowe PWN}},
  address =	 {{Warszawa}},
  year =	 2005,
  edition =	 {{XXIX -- trzeci dodruk}},
  volume =	 {{I}},
}

@book{ KrysickiWlodarskiW04,
  author =	 "Włodzimierz Krysicki and L. Włodarski",
  title =	 {{Analiza matematyczna w~zadaniach}},
  publisher =	 "Wydawnictwo Naukowe PWN",
  volume =	 {{II}},
  address =	 "Warszawa",
  edition =	 {{XXVII}},
  year =	 2004,
}

@book{ LojasiewiczWstepDoFunkcjiRzeczywistych76,
  author =	 "Stanisław Łojasiewicz",
  title =	 {{Wstęp do~teorii funkcji rzeczywistych}},
  publisher =	 {{Państwowe Wydawnictwo Naukowe}},
  address =	 {{Warszawa}},
  year =	 1976,
  edition =	 {{II}},
}

@book{ Maurin74,
  author =	 "Krzysztof Maurin",
  title =	 {{Analiza. Część~I: Elementy}},
  publisher =	 "Państwowe Wydawnictwo Naukowe",
  series =	 {{Biblioteka Matematyczna}},
  address =	 {{Warszawa}},
  year =	 1974,
  edition =	 {{III}},
  volume =	 {{I}},
}

@book{ Maurin91,
  author =	 "Krzysztof Maurin",
  title =	 {{Analiza. Część~II: Ogólne struktury, funkcje
                  algebraiczne, całkowanie, analiza tensorowa}},
  volume =	 {{II}},
  publisher =	 "Wydawnictwo Naukowe PWN",
  series =	 "Biblioteka Matematyczna",
  number =	 170,
  address =	 "Warszawa",
  edition =	 {{II -- zmieninone}},
  year =	 1991,
}

@book{ Nahin15,
  author =	 "P. J. Nahin",
  title =	 "Inside Interesting Integrals",
  publisher =	 "Springer",
  address =	 {{New York, Heidelberg, Dordrecht, London}},
  edition =	 {{I}},
  year =	 2015,
}

@book{ RudinAnalizaRzeczywistaIZespolona86,
  author =	 "Walter Rudin",
  title =	 {{Analiza rzeczywista i~zespolona}},
  publisher =	 {{Państwowe Wydawnictwo Naukowe}},
  address =	 {{Warszawa}},
  year =	 1986,
  edition =	 {{I}},
}

@book{ RudinAnalizaRzeczywistaIZespolona98,
  author =	 "Walter Rudin",
  title =	 {{Analiza rzeczywista i~zespolona}},
  publisher =	 {{Wydawnictwo Naukowe PWN}},
  address =	 {{Warszawa}},
  year =	 1998,
  edition =	 {{II}},
}

@book{ SchwartzKursAnalizyMatematycznejTomI79,
  author =	 "Laurent Schwartz",
  title =	 {{Kurs analizy matematycznej}},
  publisher =	 {{Państwowe Wydawnictwo Naukowe}},
  address =	 {{Warszawa}},
  year =	 1979,
  edition =	 {{I}},
  volume =	 {{I}},
}


@book{ SchwartzKursAnalizyMatematycznejTomII80,
  author =	 "Laurent Schwartz",
  title =	 {{Kurs analizy matematycznej}},
  publisher =	 {{Państwowe Wydawnictwo Naukowe}},
  address =	 {{Warszawa}},
  year =	 1980,
  edition =	 {{I}},
  volume =	 {{II}},
}

@book{ Stankiewicz80,
  author =	 "W. Stankiewicz",
  title =	 {{Zadania z~matematyki dla wyższych uczelni
                  technicznych}},
  publisher =	 "Państwowe Wydawnictwo Naukowe",
  volume =	 "I",
  address =	 "Warszawa",
  edition =	 {{V -- zmienione}},
  year =	 1980,
}





@Comment ##############################
RACHUNEK WARIACYJNY


@book{ GelfandFomin79,
  author =	 "I. M. Gelfand and S. W. Fomin",
  title =	 {{Rachunek wariacyjny}},
  publisher =	 "Państwowe Wydawnictwo Naukowe",
  address =	 "Warszawa",
  edition =	 {{IV}},
  year =	 1979,
}





@Comment ##############################
ANALIZA ZESPOLONA


@book{ JakobczakJarnicki02,
  author =	 "P. Jakóbczak and M. Jarnicki",
  title =	 {{Wstęp do teorii funkcji holomorficznych wielu
                  zmiennych zespolonych}},
  publisher =	 {{Wydawnictwo Uniwersytetu Jagiellońskiego}},
  address =	 "Kraków",
  edition =	 {{I}},
  year =	 2002,
}

@book{ LejaFunkcjeZespolone06,
  author =	 "Franciszek Leja",
  title =	 {{Funkcje zespolone}},
  publisher =	 {{Wydawnictwo Naukowe PWN}},
  address =	 {{Warszawa}},
  year =	 2006,
  edition =	 {{VI}},
}

@book{ Szabat74,
  author =	 "W. B. Szabat",
  title =	 "Wstęp do analizy zespolonej",
  publisher =	 "Państwowe Wydawnictwo Naukowe",
  address =	 "Warszawa",
  year =	 1974,
  edition =	 {{I}},
}

@book{ Krzyz05,
  author =	 "J. Krzyż",
  title =	 {{Zbiór zadań z~funkcji analitycznych}},
  publisher =	 "Wydawnictwo Naukowe PWN",
  address =	 "Warszawa",
  edition =	 {{V}},
  year =	 2005,
}





@Comment ###############################
RÓWNANIA RÓŻNICZKOWE ZWYCZAJNE


@book{ Arnold75,
  author =	 "W. A. Arnold",
  title =	 {{Równania różniczkowe zwyczajne}},
  publisher =	 "Państwowe Wydawnictwo Naukowe",
  address =	 "Warszawa",
  edition =	 {{I}},
  year =	 1975,
}


@book{ Arnold83,
  author =	 "W. A. Arnold",
  title =	 "Teoria równań różniczkowych",
  publisher =	 "Państwowe Wydawnictwo Naukowe",
  address =	 "Warszawa",
  edition =	 {{I}},
  year =	 1983,
}

@book{ MatwiejewMetodyCalkowaniaRownanRozniczkowychZwyczajnych82,
  author =	 "N. M. Matwiejew",
  title =	 {{Metody całkowania równań różniczkowych
                  zwyczajnych}},
  publisher =	 "Państwowe Wydawnictwo Naukowe",
  address =	 "Warszawa",
  edition =	 {{I}},
  year =	 1982,
}





@Comment ##############################
RÓWNANIA RÓŻNICZKOWE CZĄSTKOWE


@book{ EvansRowaniaRozniczoweCzastkowe08,
  author =	 "L. C. Evans",
  title =	 "Równania różniczkowe cząstkowe",
  publisher =	 "Wydawnictwo Naukowe PWN",
  address =	 "Warszawa",
  edition =	 {{I}},
  year =	 2008,
}

@book{ Hormander83,
  author =	 "L. Hormander",
  title =	 {{The Analysis of Linear Partial Differential
                  Operators I. Distributon Theory and Fourier
                  Analysis}},
  publisher =	 "Springer",
  address =	 {{}},
  edition =	 {{I}},
  year =	 1983,
}

@book{ Str06,
  author =	 "P. Strzelecki",
  title =	 {{Krótkie wprowadzenie do równań różniczkowych
                  cząstkowych}},
  publisher =	 "Wydawnictwo Uniwersytetu Warszawskiego",
  address =	 "Warszawa",
  edition =	 {{I}},
  year =	 2006,
}





@Comment ##############################
ANALIZA FUNKCJONALNA


@book{ BalakrishnanAnalizaFunkcjonalnaStosowana92,
  author =	 "A. V. Balakrishnan",
  title =	 {{Analiza funkcjonalna stosowana}},
  publisher =	 {{Wydawnictwo Naukowe PWN}},
  address =	 {{Warszawa}},
  year =	 1992,
  edition =	 {{I}},
}

@book{ DeitmarEcherhoffPrinciplesOfHarmonicAnalysis09,
  author =	 "Anton Deitmar and Siegfried Echterhoff",
  title =	 {{Principles~of Harmonic Analysis}},
  publisher =	 {{Springer}},
  address =	 {{New York, NY}},
  year =	 2009,
  edition =	 {{}},
  doi =		 {{10.1007/978-0-387-85469-4}},
  url =		 {{https://doi.org/10.1007/978-0-387-85469-4}},
}

@book{ ChmielinskiAnalizaFunkcjonalna04,
  author =	 "J. Chmieliński",
  title =	 {{Analiza funkcjonalna. Notatki do~wykładu}},
  publisher =	 "Wydawnictwo Naukowe Akademii Pedagogicznej",
  address =	 "Kraków",
  edition =	 {{II --~uzupełnione}},
  year =	 2004,
}

@book{ PrusStachuraAnalizaFunkcjonalnaWZadaniach07,
  author =	 "S. Prus and A. Stachura",
  title =	 {{Analiza funkcjonalna w~zadaniach}},
  publisher =	 "Wydawnictwo Naukowe PWN",
  address =	 "Warszawa",
  edition =	 {{I}},
  year =	 2007,
}

@book{ ReedSimonTomI80,
  author =	 "Michael Reed and Barry Simon",
  title =	 {{Methods of Modern Mathematical Physics~I:
                  Functional Analysis}},
  publisher =	 {{Academic Press}},
  address =	 {{San Diego, New York, Boston, London, Sydney, Tokyo,
                  Toronto}},
  year =	 1980,
  edition =	 {{Revised and~enlarged edtion}},
}

@book{ ReedSimonTomIV78,
  author =	 "Michael Reed and Barry Simon",
  title =	 {{Methods of Modern Mathematical Physics IV: Analysis
                  of Operators}},
  publisher =	 {{Academic Press, Inc.}},
  address =	 {{New York, San Francisco, London}},
  year =	 1978,
  edition =	 {{I}},
}

@book{ RudinAnalizaFunkcjonalna02,
  author =	 "Walter Rudin",
  title =	 {{Analiza funkcjonalna}},
  publisher =	 {{Wydawnictwo Naukowe PWN}},
  address =	 {{Warszawa}},
  year =	 2002,
  edition =	 {{II}},
}





@Comment ###############################
GEOMETRIA RÓŻNICZKOWA
@Comment ###############################


@book{ BooyhbyIntroductionToDifferentiableManifolds86,
  author =	 "William M. Boothby",
  title =	 {{An~Introduction to~Differentiable Manifolds
                  and~Riemannian Geometry}},
  publisher =	 {{Academic Press, Inc.}},
  address =	 {{San Diego, New York, Berkley, Boston, London,
                  Sydney, Tokyo, Toronto}},
  year =	 1986,
  edition =	 {{II}},
}

@book{ GancarzewiczOpozda03,
  author =	 "J. Gancarzewicz, B. Opozda",
  title =	 {{Wstęp do geometrii różniczkowej}},
  publisher =	 "Wydawnictwo Uniwersytetu Jagiellońskiego",
  address =	 {{Kraków}},
  year =	 2003,
  edition =	 {{I}},
}

@book{ GancarzewiczZarysWspolczesnejGeometriiRozniczkowej10,
  author =	 "Jacek Gancarzewicz",
  title =	 {{Zarys współczesnej geometrii różniczkowej}},
  publisher =	 {{SCRIPT}},
  address =	 {{Warszawa}},
  year =	 2010,
  edition =	 {{I}},
}

@book{ GdowskiElementGeometriiRozniczkowejZZadaniami99,
  author =	 "B. Gdowski",
  title =	 {{Elementy geometrii różniczkowej z zadaniami}},
  publisher =	 {{Oficyna Wydawnicza Politechniki Warszawskiej}},
  address =	 "Warszawa",
  edition =	 {{IV}},
  year =	 1999,
}

@book{ Flanders69,
  author =	 "H. Flanders",
  title =	 {{Teoria form różniczkowych}},
  publisher =	 "Państwowe Wydawnictwo Naukowe",
  address =	 "Warszawa",
  year =	 1969,
  edition =	 {{I}},
}

@book{ LeeIntroductionToSmoothManifolds13,
  author =	 {{J. M. Lee}},
  title =	 {{Introduction to Smooth Manifolds}},
  publisher =	 {{Springer}},
  address =	 {{New York, Heidelberg, Dordrechet, London}},
  year =	 2013,
  edition =	 {{II}},
  series =	 {{Graduate Texts in Mathematics}},
  number =	 218,
}



@Comment ###############################
TEORIA OPERATORÓW I C*-ALGEBR
@Comment ###############################




@Comment ###############################
GEOMETRIA NIEPRZEMIENNA
@Comment ###############################

@book{ GraciaBondiaVarillyFigueroaNoncommutativeGeometry,
  author =	 {{Jos\'{e} M.~Gracia-Bond\'{i}a and Joseph C.~V\'{a}rilly
  and H\'{e}ctor Figueroa}},
  title =	 {{Elements~of Noncommutative Geometry}},
  publisher =	 {{}},
  address =	 {{}},
  year =	 ,
}





@Comment ###############################
TEORIA DYSTRYBUCJI
@Comment ###############################

@book{ GelfandShilov64,
  author =	 "I. M. Gelfand and G. V. Shilov",
  title =	 {{Generalized Functions: Volume I, Properties and
                  Operations}},
  publisher =	 "Academic Press",
  address =	 "New York and London",
  year =	 1964,
}

@book{ ZemanianTeoriaDystrybucji69,
  author =	 "Armen H.~Zemanian",
  title =	 {{Teoria dystrybucji i~analiza transformat}},
  publisher =	 "Państwowe Wydawnictwo Naukowe",
  address =	 "Warszawa",
  edition =	 {{I}},
  year =	 1969,
}





@Comment ###############################
RACHUNEK PRAWDOPODOBIEŃSTWA
@Comment ###############################


@book{ FellerWstepDoRachunkuPrawdopodobienstwaTomI06,
  author =	 "William Feller",
  title =	 {{Wstęp do rachunku prawdopodobieństwa}},
  publisher =	 {{Wydawnictwo Naukowe PWN}},
  address =	 {{Warszawa}},
  year =	 2006,
  edition =	 {{VI}},
  volume =	 {{I}},
}





@Comment ###############################
ZBIORY ZADAŃ Z MATEMATYKI
@Comment ###############################


@book{ DrobkaSzymanski93,
  author =	 "N. Dróbka, K. Szymański",
  title =	 {{Zbiór zadań z matematyki}},
  publisher =	 "Wydawnictwo Szkolne i Pedagogiczne",
  address =	 "Warszawa",
  edition =	 {{III}},
  year =	 1993,
}





@Comment ###############################
POZYCJE ZBIORCZE
@Comment ###############################

@book{ ZL78,
  author =	 "W. Żakowski, W. Leksiński",
  title =	 {{Matematyka. Część IV.}},
  publisher =	 "Wydawnictwo Naukowo-Techniczne",
  address =	 "Warszawa",
  edition =	 {{V --~poprawione}},
  year =	 1978,
}




                  
                  
                  
                  
                  

@Comment #############################################################
@Comment #############################################################
BIOLOGIA
@Comment #############################################################
@Comment #############################################################


@book{ ZarysMechanizmowEwolucji02,
  author =	 {{H. Krzanowska and A. Łomnicki and J. Rafiński and
                  H. Szarski and J. M. Szymura}},
  title =	 {{Zarys mechanizmów ewolucji}},
  publisher =	 {{Wydawnictwo Naukowe PWN}},
  address =	 {{Warszawa}},
  year =	 2002,
  edition =	 {{III -- zmienione}},
}

@book{ KunickiGoldfingerPodstawBiologiiG80,
  author =	 {{Władysław J.~H.~Kunicki\dywiz Goldfinger}},
  title =	 {{Podstawy biologii. Od~bakterii do~człowieka}},
  publisher =	 {{Państwowe Wydawnictwo Naukowe}},
  address =	 {{Warszawa}},
  year =	 1980,
  edition =	 {{II}},
}
                  
                  
                  
                  
                  





@Comment #############################################################
@Comment #############################################################
CHEMIA
@Comment #############################################################
@Comment #############################################################


@book{ Pauling59,
  author =	 "L. Pauling",
  title =	 {{Chemia ogólna. Wstęp do chemii opisowej z~zarysem
                  nowoczesnych teorii}},
  publisher =	 "Państwowe Wydawnictwo Naukowe",
  address =	 "Warszawa",
  edition =	 {{I}},
  year =	 1959,
}

@book{ PazdroChemiaDlaKandydatow82,
  author =	 "Krzysztog M. Pazdro",
  title =	 {{Chemia dla kandydatów na~wyższe uczelnie}},
  publisher =	 {{Państwowe Wydawnictwo Naukowe}},
  address =	 {{Warszawa}},
  year =	 1982,
  edition =	 {{II}},
}


                  
                  
                  
                  
                  



@Comment #############################################################
@Comment #############################################################
NAUKI TECHNICZNE
@Comment #############################################################
@Comment #############################################################

@book{ WegrzynInMemoriam12,
  author =	 {{Red. Andrzej Kwiecień and~Piotr Gaj}},
  title =	 {{Stefan Węgrzyn In Memoriam}},
  publisher =	 {{Silesian University~of Technology Press}},
  address =	 {{Gliwice}},
  year =	 2012,
  edition =	 {{I}},
}

@book{ WegrzynPodstawyAutomatyki80,
  author =	 {{Stefan Węgrzyn}},
  title =	 {{Podstawy automatyki}},
  publisher =	 {{Państwowe Wydawnictwo Naukowe}},
  address =	 {{Warszawa}},
  year =	 1980,
  edition =	 {{V}},
}




                  
                  
                  
                  
                  

@Comment #############################################################
@Comment #############################################################
POPULARNONAUKOWE
@Comment #############################################################
@Comment #############################################################


@book{ HawkingKrotkaHistoriaCzasu90,
  author =	 "Stephen W.~Hawking",
  title =	 {{Krótka historia czasu. Od Wielkiego Wybuchu
                  do~czarnych dziur}},
  publisher =	 {{Wydawnictwo ,,ALFA''}},
  address =	 {{Warszawa}},
  year =	 1990,
  edition =	 {{I}},
}

@book{ WajnertPrzygodyZMachefim87,
  author =	 "Włodzimierz Wajnert",
  title =	 {{Przygody z~Machefim}},
  publisher =	 {{Wydawnictwo Czasopism i~Książek Technicznych
                  NOT-SIGMA}},
  address =	 {{Warszawa}},
  edition =	 {{I}},
  year =	 1987,
}

@book{ YauNadisGeometriaTeoriiStrun12,
  author =	 "Shing-Tung Yau and Steve Nadis",
  title =	 {{Geometria teorii strun. Ukryte wymiary
                  przestrzeni}},
  publisher =	 {{Prószyński i~S\dywiz ka}},
  address =	 {{Warszawa}},
  year =	 2012,
  edition =	 {{I}},
}
                  
                  
                  
                  
                  






@Comment #############################################################
@Comment #############################################################
INFORMATYKA
@Comment #############################################################
@Comment #############################################################


@book{ Grebosz06,
  author =	 {{J. Gr\k{e}bosz}},
  title =	 {{Symfonia C++ standard}},
  publisher =	 {{EDITION 2000}},
  address =	 "Kraków",
  edition =	 {{II}},
  year =	 2006,
}

@book{ Gre08a,
  author =	 "J. Grebosz",
  title =	 {{Symfonia C++ standard}},
  publisher =	 {{EDITION 2000}},
  address =	 {{Kraków}},
  year =	 2008,
  edition =	 {{III B --~rozszerzone i~poprawione}},
  volume =	 {{I}},
}

@book{ Gre08b,
  author =	 "Jacek Gr\k{e}bosz",
  title =	 {{Symfonia C++ standard}},
  publisher =	 {{EDITION 2000}},
  address =	 {{Kraków}},
  year =	 2008,
  edition =	 {{III B -- rozszerzone i~poprawione}},
  volume =	 {{II}},
}

@book{ KR01,
  author =	 "B. W. Kernighan and D. M. Ritchie",
  title =	 {{Jezyk ANSI C}},
  publisher =	 {{Wydawnictwo Naukowo\dywiz Techniczne}},
  address =	 {{Warszawa}},
  year =	 2001,
  edition =	 {{VI}},
}

@book{ OsheroveTestyJednostkowe14,
  author =	 "Roy Osherove",
  title =	 {{Testy jednostkowe. Świat niezawodnych aplikacji}},
  publisher =	 {{Helion}},
  address =	 {{Gliwice}},
  year =	 2014,
  edition =	 {{II}},
}

@book{ PetersenMasteringEmacs15,
  author =	 "Mickey Petersen",
  title =	 {{Mastering Emacs}},
  publisher =	 {{https://www.masteringemacs.org/book}},
  address =	 {{}},
  year =	 2016,
  edition =	 {{II}},
}





@Comment #############################################################
@Comment #############################################################
HISTORIA POLSKI
@Comment #############################################################
@Comment #############################################################


@book{ ButterwickPolskaRewolucjaAKosciolKatolicki12,
  author =	 "Richard Butterwick",
  title =	 {{Polska Rewolucja a~Kościół Katolicki 1788--1792}},
  publisher =	 {{Wydawnictwo ARCANA}},
  address =	 {{Kraków}},
  year =	 2012,
  edition =	 {{I}},
}

@book{ DaviesSerceEuropy14,
  author =	 "Norman Davies",
  title =	 {{Serce Europy}},
  publisher =	 {{Wydawnictwo ZNAK}},
  address =	 {{Kraków}},
  year =	 2014,
  edition =	 {{I}},
}

@book{ RedDziurokMusialInstrukcjeWytycznePisma17,
  author =	 "Redakcja i~opracowanie Adam Dziurok, Filip Musiał",
  title =	 {{Instrukcje, wytyczne, pisma Departamentu IV~Ministerstwa
  Spraw Wewnętrznych z~lat 1962--1989. Wybór dokumentów}},
  publisher =	 {{Wydawnictwo Avalon}},
  address =	 {{Kraków -- Katowice}},
  year =	 2017,
  edition =	 {{I}},
}

@book{ DlugoszRocznikiTomI09,
  author =	 {{Jan Długosz}},
  title =	 {{Jana Długosza Roczniki czyli Kroniki Sławnego
                  Królestwa Polskiego. Ks.~1, Ks.~2, do~1038}},
  publisher =	 {{Wydawnictwo Naukowe PWN}},
  address =	 {{Warszawa}},
  year =	 2009,
  edition =	 {{I}},
}

@book{ NowakDziejePolskiTomI14,
  author =	 "Andrzej Nowak",
  title =	 {{Dzieje Polski. Tom~I: Skąd nasz ród}},
  publisher =	 {{Biały Kruk}},
  address =	 {{Kraków}},
  year =	 2014,
  edition =	 {{I}},
}





@Comment ###############################
HISTORIA POLSKI PO 1914 R.
@Comment ###############################


@book{ ZyzakEfektDominaTomI16,
  author =	 "Paweł Zyzak",
  title =	 {{Efekt domina. Czy~Ameryka obaliła komunizm
                  w~Polsce?}},
  publisher =	 {{Fronda PL, Sp.~z~o.o.}},
  address =	 {{Warszawa}},
  year =	 2016,
  edition =	 {{I}},
  volume =	 {{I}},
}

@book{ ZyzakEfektDominaTomII16,
  author =	 "Paweł Zyzak",
  title =	 {{Efekt domina. Czy~Ameryka obaliła komunizm
                  w~Polsce?}},
  publisher =	 {{Fronda PL, Sp.~z~o.o.}},
  address =	 {{Warszawa}},
  year =	 2016,
  edition =	 {{I}},
  volume =	 {{II}},
}





@Comment ###############################
HISTORIA POLSKI PO 1945 R.
@Comment ###############################

@book{ RedFranaszkaGraniceKompromisu15,
  author =	 "Red.~Piotr Franaszka",
  title =	 {{Granice kompromisu. Naukowcy wobec aparatu władzy
                  ludowej}},
  publisher =	 {{Instytut Pamięci Narodowej}},
  address =	 {{Warszawa}},
  year =	 2015,
  edition =	 {{I}},
}

@book{ WildsteinCienieMoichCzasow15,
  author =	 {{Bronisław Wildstein}},
  title =	 {{Cienie moich czasów}},
  publisher =	 {{Zysk i~S\dywiz ka}},
  address =	 {{Poznań}},
  year =	 2015,
  edition =	 {{I}},
}




@Comment ###############################
HISTORIA POLSKI PO 1989 R.
@Comment ###############################

@book{ KurskiSemkaLewyCzerwcowy92,
  author =	 "Jacek Kurski and Piotr Semka",
  title =	 {{Lewy czerwcowy. Mówią: Kaczyński, Macierewicz, Parys, Glapiński, Kostrzewa\dywiz Zorbas}},
  publisher =	 {{Editions Spotkania}},
  address =	 {{Warszawa}},
  year =	 1992,
  edition =	 {{I}},
}

@book{ WildsteinCienieMoichCzasow15,
  author =	 {{Bronisław Wildstein}},
  title =	 {{Cienie moich czasów}},
  publisher =	 {{Zysk i~S\dywiz ka}},
  address =	 {{Poznań}},
  year =	 2015,
  edition =	 {{I}},
}
                  
                  
                  
                  
                  





@Comment #############################################################
@Comment #############################################################
POLSKA KULTURA
@Comment #############################################################
@Comment #############################################################


@book{ ArczydzialaLiteraturyPolskiejTomII88,
  author =	 "Red. S. Grzeszczuka and A. Niewolak\dywiz Krzywda",
  title =	 {{Arcydzieła Literatury Polskiej}},
  publisher =	 "Krajowa Agencja Wydawnicza",
  year =	 1988,
  volume =	 {{II}},
  address =	 "Rzeszów",
}

@book{ BizanHertzGlosyDoBalladyny70,
  author =	 "Marian Bizan and Paweł Hertz",
  title =	 {{Glosy do ,,Balladyny''}},
  publisher =	 "Państwowy Instytut Wydawniczy",
  year =	 1970,
  address =	 "Warszawa",
}

@book{ BizanHertzGlosyDoKordiana72,
  author =	 "Marian Bizan and Paweł Hertz",
  title =	 {{Glosy do ,,Kordiana''}},
  publisher =	 "Państwowy Instytut Wydawniczy",
  year =	 1972,
  address =	 "Warszawa",
  edition =	 {{II}},
}

@book{ DopartPoematProfetyczny02,
  author =	 "Bogusław Dopart",
  title =	 {{Poemat profetyczny. O~,,Dziadach'' drezdeńskich
                  Adama Mickiewicza}},
  year =	 2002,
  publisher =	 "Księgarnia Akademicka",
  address =	 "Kraków",
  edition =	 {{I}},
}

@book{ GrajewskaZagladaIGwiazdy17,
  author =	 {{Agnieszka Grajewska}},
  title =	 {{Zagłada i~gwiazdy. Przeszłość w~prozie Stanisława Lema}},
  publisher =	 {{Wydawnictwo Naukowe~UAM}},
  address =	 {{Poznań}},
  year =	 2017,
  edition =	 {{I}},
}

@book{ HaltofKinoPolskie04,
  author =	 "Marek Haltof",
  title =	 {{Kino Polskie}},
  publisher =	 "słowo/obraz terytoria",
  year =	 2004,
  address =	 "Gdańsk",
  edition =	 {{I}},
}

@book{ KakolewskiDiamentOdnalezionyWPopiele98,
  author =	 "Krzysztof Kąkolewski",
  title =	 {{Diament odnaleziony w~popiele}},
  publisher =	 {{Wydawnictwo von~Borowiecky}},
  address =	 {{Warszawa}},
  year =	 1998,
  edition =	 {{II}},
}

@book{ KaniewskaLegezynskaSliwinski05,
  author =	 "B. Kaniewska, A. Legeżyńska, P. Śliwiński",
  title =	 {{Literatura polska XX wieku}},
  publisher =	 {{Wydawnictwo Poznańskie}},
  address =	 "Poznań",
  year =	 2005,
}

@book{ KwiatkowskiSzeptanka90,
  author =	 "Tadeusz Kwiatkowski",
  title =	 {{Szeptanka}},
  publisher =	 {{Oficyna Cracovia}},
  address =	 "Kraków",
  edition =	 {{I}},
  year =	 1990,
}

@book{ RymkiewiczSamuelZborowski10,
  author =	 "Jarosław Marek Rymkiewicz",
  title =	 {{Samuel Zborowski}},
  publisher =	 {{Wydawnictwo Sic!}},
  address =	 "Warszawa",
  edition =	 {{I}},
  year =	 2010,
}

@book{ SokolowskiKrolDuchSlowackiego04,
  author =	 "Mikołaj Sokołowski",
  title =	 {{,,Król Duch'' Juliusza Słowackiego a~epopeja
                  słowiańska}},
  publisher =	 {{Instytut Badań Literackich PAN}},
  address =	 "Warszawa",
  edition =	 {{I}},
  year =	 2004,
}

@book{ SowaFantomoweCialoKrola11,
  author =	 "Jan Sowa",
  title =	 {{Fantomowe ciało króla. Peryferyjne zmagania
                  z~nowoczesną formą}},
  publisher =	 "UNIVERSITAS",
  address =	 "Kraków",
  edition =	 {{I}},
  year =	 2011,
}

@book{ MistrzWincentyKonferencja01,
  author =	 "Red. Krzysztof R.~Prokop",
  title =	 {{Mistrz Wincenty Kadłubek. Człowiek i~dzieło,
                  pośmiertny kult i~legenda.}},
  publisher =	 {{Polska Akademia Umiejętności}},
  address =	 "Kraków",
  edition =	 {{I}},
  year =	 2001,
}

@Comment B. K\"urbis ,,Jak Mistrz Wincenty pisał historię Polski''.
@Comment Praca znajduje sie w książce opisanej powyżej.





@Comment #############################################################
@Comment #############################################################
KULTURA
@Comment #############################################################
@Comment #############################################################


@book{ AdamskiWojnaSwiatowWPopkulturze11,
  author =	 "Łukasz Adamski",
  title =	 {{Wojna światów w~popkulturze}},
  publisher =	 {{Wydawnictwo Wektory}},
  address =	 {{Bielany Wrocławskie}},
  year =	 2011,
  edition =	 {{I}},
}

@book{ AltermattKatolicyzmANowoczesnySwiat95,
  author =	 {{U. Altermatt}},
  title =	 {{Katolicyzm a~Nowoczesny Świat}},
  publisher =	 {{Wydawnictwo Znak}},
  address =	 {{Kraków}},
  year =	 1995,
  edition =	 {{I}},
}

@book{ BrunettoLatiniSkarbiecWiedzy92,
  author =	 {{Brunetto Latini}},
  title =	 {{Skarbiec wiedzy}},
  publisher =	 {{Państwowy Instytut Wydawniczy}},
  address =	 {{Warszawa}},
  year =	 {{1992}},
  edition =	 {{}},
}

@book{ ChrzanowskiInterpretacjeWierszy03,
  author =	 "Maciej Chrzanowski",
  title =	 {{Interpretacje wierszy dla~klas licealnych}},
  publisher =	 {{Wydawnictwo SKRYPT}},
  address =	 {{Warszawa}},
  year =	 {{2003}},
  edition =	 {{}},
}

@book{ ChrzastowskaWysoluch,
  author =	 "B. Chrząstowska and S. Wysołuch",
  title =	 {{Poetyka stosowana}},
  publisher =	 {{Wydawnictwo Szkolne i~Pedagogiczne Spółka Akcyjna}},
  address =	 {{Warszawa}},
  edition =	 {{I}},
  year =	 {{2000?}},
}

@book{ DmochowskiKosciolWyborczej14,
  author =	 "Artur Dmochowski",
  title =	 {{Kościół ,,Wyborczej''. Największa operacja
                  resortowych dzieci}},
  publisher =	 {{Wydawnictwo Słowa i~Myśli}},
  address =	 {{Warszawa}},
  year =	 {{2014}},
  edition =	 {{I}},
}

@book{ DoveyKennedyKulturaGierKomputerowych11,
  author =	 "Jon Dovey and Helen W~Kennedy",
  title =	 {{Kultura gier komputerowych}},
  publisher =	 {{Wydawnictwo Uniwersytetu Jagiellońskiego}},
  address =	 {{Kraków}},
  year =	 {{2011}},
  edition =	 {{I}},
}

@book{ HahnWDomuNajlepiej09,
  author =	 "Scott Hahn and Kimberly Hahn",
  title =	 {{W~domu najlepiej. Nasza droga do Kościoła
                  katolickiego}},
  publisher =	 {{Wydawnictwo Księży Marianów MIC}},
  address =	 {{Warszawa}},
  year =	 2009,
  edition =	 {{II}},
}

@book{ IwickaZrodlaKlasycznejDemonologiJaponskiej17,
  author =	 "Renata Iwicka",
  title =	 {{Źródła klasycznej demonologii japońskiej}},
  publisher =	 {{Wydawnictwo Uniwersytetu Jagiellońskiego}},
  address =	 {{Kraków}},
  year =	 2017,
  edition =	 {{I}},
}

@book{ KarlowiczSokratesIInniSwieci05,
  author =	 "Dariusz Karłowicz",
  title =	 {{Sokrates i~inni święci. O~postawie starożytnych
                  chrześciajn wobec rozumu i~filozofii}},
  publisher =	 {{Fronda, Ośrodek Myśli Politycznej}},
  address =	 {{Warszawa}},
  year =	 2005,
  edition =	 {{I}},
}

@book{ KrasnodebskiPostrmoderinstyczneRozterkiKultury96,
  author =	 "Zdzisław Krasnodębski",
  title =	 {{Postmodernistyczne rozterki kultury}},
  publisher =	 {{Oficyna Naukowa}},
  address =	 {{Warszawa}},
  year =	 1996,
  edition =	 {{I}},
  series =	 {{Terminus}},
  volume =	 {{8}},
}

@book{ KrasnodebskiDrzemkaRozsadnych06,
  author =	 "Zdzisław Krasnodębski",
  title =	 {{Drzemka rozsądnych. Zebrane eseje i~szkice}},
  publisher =	 {{Ośrodek Myśli Politycznej. Wyższa Szkoła Europejska
                  im.~ks.~Józefa Tischnera.}},
  year =	 2006,
  address =	 "Kraków",
  edition =	 {{I}},
}

@book{ KrasnodebskiWiekszegoCuduNieBedzie11,
  author =	 "Zdzisław Krasnodębski",
  title =	 {{Większego cudu nie będzie. Zebrane eseje
                  i~szkice~IV}},
  publisher =	 {{Ośrodek Myśli Politycznej}},
  address =	 {{Kraków}},
  year =	 2011,
  edition =	 {{I}},
}

@book{ KrasnodebskiZwyciezkaPoPrzejsciach12,
  author =	 "Zdzisław Krasnodębski",
  title =	 {{Zwycięzca po przejściach: zebrane eseje
                  i~szkice~V}},
  publisher =	 {{Ośrodek Myśli Politycznej}},
  address =	 {{Kraków}},
  year =	 2012,
  edition =	 {{I}},
}

@book{ KurkaRosjiRozumemNie15,
  author =	 "Ewa Kurek",
  title =	 {{Rosji rozumem nie pojmiesz?}},
  publisher =	 {{Clio}},
  address =	 {{Lublin}},
  year =	 2005,
  edition =	 {{I}},
}

@book{ LewisOdrzuconyObraz08,
  author =	 "Clive Staples Lewis",
  title =	 {{Odrzucony obraz. Wprowadzenie do~literatury
                  średniowiecznej i~renesansowej}},
  publisher =	 {{Wydawnictwo ZNAK}},
  address =	 {{Kraków}},
  year =	 2008,
  edition =	 {{II}},
}

@book{ Oramus15,
  author =	 "Dominika Oramus",
  title =	 {{Darwinowskie paradygmant. Mit teorii ewolucji
                  w~kulturze współczesnej}},
  publisher =	 {{Copernicus Ceter Press}},
  address =	 "Kraków",
  year =	 2015,
  edition =	 {{I}},
}

@book{ RothCichyPucz15,
  author =	 "J\"{u}rgen Roth",
  title =	 {{Cichy pucz. Zawłaszczanie Europy przez~niejawne
                  elity gospodarczo\dywiz politycznej}},
  publisher =	 {{Zysk i~S\dywiz ka}},
  year =	 2015,
  address =	 {{Poznań}},
  edition =	 {{I}},
}

@book{ SokalBricmontModneBzdury04,
  author =	 "Alan Sokal and Jean Bricmont",
  title =	 {{Modne bzdury. O~nadużywaniu pojęć z~zakresu nauk
                  ścisłych przez postmodernistycznych
                  intelektualistów}},
  publisher =	 "Prószyński i~S\dywiz ka",
  year =	 2004,
  address =	 "Warszawa",
  edition =	 {{II?}},
}

@book{ StochGenderNaLekcjachPolskiego15,
  author =	 "Magdalena Stoch",
  title =	 {{Gender na~lekcjach polskiego}},
  publisher =	 "Wydawnictwo Edukacyjne",
  year =	 2015,
  address =	 "Kraków",
  edition =	 {{I}},
}

@book{ SzczeklikKatharsis09,
  author =	 {{Andrzej Szczeklik}},
  title =	 {{Katharsis. O~uzdrowicielskiej mocy natury i~sztuki}},
  publisher =	 {{Wydawnictwo Znak}},
  address =	 {{Kraków}},
  year =	 2009,
  edition =	 {{II, dodruk}},
}

@book{ Edensor04,
  author =	 "Tim Edensor",
  title =	 {{Tożsamość narodowa, kultura popularna i~życie
                  codzienne}},
  publisher =	 {{Wydawnictwo Uniwersytetu Jagiellońskiego}},
  series =	 "Cultura",
  address =	 "Kraków",
  edition =	 {{I}},
  year =	 2004,
}

@book{ Ericson14,
  author =	 "C. Ericson",
  title =	 {{Oligarchowie. Pieniądze i~władza w~kapitalistycznej
                  Rosji}},
  publisher =	 "Wraszawskie Wydawnictwo Literackie MUZA SA",
  address =	 "Warszawa",
  edition =	 {{I}},
  year =	 2014,
}

@book{ GolicynNoweKlamstwa,
  author =	 "A. Golicyn",
  title =	 {{Nowe kłamstwa w~miejsce starych}},
  publisher =	 {{Wydawnictwa Antyk --~Marcin Dybowski}},
  year =	 {{}},
  address =	 "Komorów",
  edition =	 {{II}},
  series =	 "Psychosocjotechnika, manipulacja",
}

@book{ HohlerMatkaChrzestna13,
  author =	 {{G. H\"{o}hler}},
  title =	 {{Matka chrzestna. Jak Angela Merkel przebudowuje
                  Niemcy}},
  publisher =	 {{Zysk i~S\dywiz ka}},
  address =	 {{Poznań}},
  year =	 {{2013?}},
  edition =	 {{I}},
}

@book{ McGrathBogDawkinsa08,
  author =	 "Alister McGrath",
  title =	 {{Bóg Dawkinsa. Geny, memy i~sens życia}},
  publisher =	 {{Wydawnictwo Uniwersytetu Jagiellońskiego}},
  address =	 {{Kraków}},
  year =	 2008,
  series =	 "edios",
  edition =	 {{I}},
}

@book{ EMichaelJonesLibidoDominandi13,
  author =	 "E. Michael Jones",
  title =	 {{Libido dominandi. Seks jako narzędzie kontroli
                  społecznej}},
  publisher =	 {{Wektory}},
  year =	 2013,
  address =	 {{Wrocław}},
  edition =	 {{I}},
}

@book{ EMichaelJonesZdeprawowaniModernisci14,
  author =	 "E. Michael Jones",
  title =	 {{Zdeprawowani moderniści. Nowoczesność jako
                  usprawiedliwienie seksualnej amoralności}},
  publisher =	 {{Wektory}},
  year =	 2014,
  address =	 {{Wrocław}},
  edition =	 {{I}},
}

@book{ EMichaelJonesJalowyPieniadzvI15a,
  author =	 "E. Michael Jones",
  title =	 {{Jałowy pieniądz. Historia kapitalizmu jako
                  konfliktu między pracą a~lichwą. Tom~I:
                  Od~Medyceuszy do Newtona}},
  publisher =	 {{Wektory}},
  address =	 {{Wrocław}},
  year =	 2015,
  edition =	 {{I}},
}

@book{ KsNeuhausProrokZNowegoYorku10,
  author =	 "Ks. R. J. Neuhaus",
  title =	 {{Prorok z~Nowego Yorku. Wybór publicystyki
                  i~wywiadów}},
  publisher =	 {{FRONDA PL Sp. z o.o.}},
  address =	 "Warszawa",
  edition =	 {{I}},
  year =	 2010,
}

@book{ RogalskiTomaszMann75,
  author =	 "Aleksander Rogalski",
  title =	 {{Tomasz Mann. Dzieje rozwoju osobowości twórczej}},
  publisher =	 {{Instytut Wydawniczy PAX}},
  address =	 "Warszawa",
  edition =	 {{I}},
  year =	 1975,
}

@book{ ThornHillaryIBillClintonowieTomI16,
  author =	 "Victor Thorn",
  title =	 {{Tomasz Mann. Dzieje rozwoju osobowości twórczej}},
  publisher =	 {{Instytut Wydawniczy PAX}},
  address =	 "Warszawa",
  edition =	 {{I}},
  year =	 1975,
}





@Comment ##############################################################
@Comment ##############################################################
GRY KOMPUTEROWE
@Comment ##############################################################
@Comment ##############################################################


@book{ KubinskiGryWideo16,
  author =	 "Piotr Kubiński",
  title =	 {{Gry wideo. Zarys poetyki}},
  publisher =	 {{Wydawnictwo UNIVERSITAS}},
  address =	 "Kraków",
  edition =	 {{I}},
  year =	 2016,
}





@Comment #############################################################
@Comment #############################################################
KINO
@Comment #############################################################
@Comment #############################################################


@book{ DeleuzeKino08,
  author =	 {{Gilles Deleuze}},
  title =	 {{Kino. 1. Obraz\dywiz{}ruch. 2. Obraz\dywiz{}czas}},
  publisher =	 {{słowo/obraz terytoria}},
  address =	 {{Gdańsk}},
  year =	 2008,
  edition =	 {{I}},
  series =	 {{Klasyka Światowej Humanistyki}},
}

@book{ GwozdzEuropejskieManifestyKina02,
  author =	 "Wyb.~Andrzej Gwóźdź",
  title =	 {{Europejskie manifesty kina. Od~Matuszewskiego
                  do~Dogmy. Antologia}},
  publisher =	 {{Wiedza Powszechna}},
  series =	 "Klasyka Światowej Humanistyki",
  address =	 "Warszawa",
  edition =	 {{I}},
  year =	 2002,
}

@book{ KletowskiKinoDalekiegoWschodu09,
  author =	 {{Piotr Kletowski}},
  title =	 {{Kino Dalekiego Wschodu}},
  publisher =	 {{Wydawnictwo Krytyki Politycznej}},
  address =	 {{Warszawa}},
  year =	 2009,
  edition =	 {{I}},
}

@book{ KletowskiSfilomowacDusze,
  author =	 {{Piotr Kletowski}},
  title =	 {{Sfilmować duszę. Mała historia kina japońskiego}},
  publisher =	 {{Centrum Sztuki i~Techniki Japońskiej manggha}},
  address =	 {{Kraków}},
  year =	 {{}},
  edition =	 {{I}},
}

@book{ RedKletowskiEuropejskieKinoGatunkow16,
  author =	 "Red. Piotr Kletowski",
  title =	 {{Europejskie Kino Gatunków}},
  publisher =	 {{Wydawnictwo Uniwersytetu Jagiellońskiego}},
  address =	 {{Kraków}},
  year =	 2016,
  edition =	 {{I}},
}

@book{ KornackiPopiolIDiament11,
  author =	 "Krzysztof Kornacki",
  title =	 {{Popiół i~diament Andrzeja Wajdy}},
  publisher =	 {{słowo/obraz terytoria}},
  address =	 "Gdański",
  edition =	 {{I}},
  year =	 2011,
}

@book{ KrolikiewiczGoraStoi95,
  author =	 "Grzegorz Królikiewicz",
  title =	 {{Góra stoi! Próba analizy filmu Akiry Kurosawy
                  ,,Sobowtór''}},
  publisher =	 {{Studio Filmowe~N}},
  address =	 "Łódź",
  year =	 1995,
  edition =	 {{I}},
}

@book{ LoskaHitchcockAutorWsrodGatunkow02,
  author =	 "Krzysztof Loska",
  title =	 {{Hitchcock --~autor wśród gatunków}},
  publisher =	 {{Rabid}},
  address =	 "Kraków",
  year =	 2002,
  edition =	 {{I}},
}

@book{ SzczepanskiZwierciadloBergmana07,
  author =	 "Tadeusz Szczepański",
  title =	 {{Zwierciadło Bergmana}},
  publisher =	 "słowo/obraz terytoria",
  address =	 "Gdańsk",
  year =	 2007,
  edition =	 {{III, poprawione i~uzupełnione}},
}




@Comment ##############################################################
@Comment ##############################################################
MITOLOGIE
@Comment ##############################################################
@Comment ##############################################################


@book{ Kunstler81,
  author =	 {{Mieczysław J. K\"{u}nstler}},
  title =	 {{Mitologia chińska}},
  series =	 "Mitologie świata",
  publisher =	 {{Wydawnictwa Artystyczne i~Filmowe}},
  address =	 "Warszawa",
  year =	 1981,
  edition =	 {{II}},
}
@Comment Popraw numer wydania

@book{ LyczkowskaSzarzynskaMitologiaMezopotamii81,
  author =	 {{Krystyna Łyczkowska and Krystyna Szarzyńska}},
  title =	 {{Mitologia Mezopotamii}},
  publisher =	 {{Wydawnictwa Artystyczne i~Filmowe}},
  address =	 "Warszawa",
  edition =	 {{I}},
  year =	 1981,
  series =	 {{Mitologie świata}},
}

@book{ PiekarczykMitologiaGermanska79,
  author =	 "Stanisława Piekarczyk",
  title =	 {{Mitologia Germańska}},
  publisher =	 {{Wydawnictwa Artystyczne i~Filmowe}},
  address =	 {{Warszawa}},
  edition =	 {{I}},
  year =	 1979,
}

@book{ PietrzykowskiMitologiaStarozytnejGrecji85,
  author =	 "Michał Pietrzykowski",
  title =	 {{Mitologia starożytnej Grecji}},
  publisher =	 {{Wydawnictwa Artystyczne i~Filmowe}},
  address =	 "Warszawa",
  edition =	 {{IV}},
  year =	 1985,
}

@book{ TubielewiczMitologiaJaponii80,
  author =	 "Jolanta Tubielewicz",
  title =	 {{Mitologia Japonii}},
  series =	 "Mitologie świata",
  publisher =	 {{Wydawnictwa Artystyczne i~Filmowe}},
  address =	 "Warszawa",
  edition =	 {{II}},
  year =	 1980,
}





@Comment #############################################################
@Comment ##############################################################
HISTORIA
@Comment ##############################################################
@Comment #############################################################


@Comment ###############################
HISTORIA OGÓLNA
@Comment ###############################


@book{ TotmanHistoriaJaponii09,
  author =	 "Corad Totman",
  title =	 {{Historia Japonii}},
  publisher =	 {{Wydawnictwo Uniwersytetu Jagiellońskiego}},
  address =	 {{Kraków}},
  year =	 2009,
  edition =	 {{I}},
  series =	 {{Ex Oriente}},
}
                  




@Comment ###############################
DZIEJE Z LAT 1789-1914
@Comment ###############################


@book{ McPhersonBattleCryOfFreedom16,
  author =	 "James M.~McPherson",
  title =	 {{Battle Cry Of~Freedom. Historia Wojny Secesyjnej}},
  publisher =	 {{Napolen~V}},
  address =	 {{Oświęcim}},
  edition =	 {{I}},
  year =	 2016,
}





@Comment ###############################
DZIEJE PO 1914 R.
@Comment ###############################


@book{ JohnsonHistoriaSwiataXXWiekuTomI09,
  author =	 "Paul Johnson",
  title =	 {{Historia świata XX wieku, od~rewolucji
                  Październikowej do~,,Solidarności''}},
  publisher =	 {{Fijorr Publishing}},
  address =	 {{Warszawa}},
  year =	 2009,
  edition =	 {{I}},
}

@book{ SuworowGRU99,
  author =	 "Wiktor Suworow",
  title =	 {{GRU. Radziecki wywiad wojskowy}},
  publisher =	 {{Wydawnictwo Adamski i~Bieliński}},
  address =	 {{Warszawa}},
  year =	 1999,
  edition =	 {{I}},
}





@Comment ###############################
PIERWSZA WOJNA ŚWIATOWA
@Comment ###############################


@book{ GilbertPierwszaWojnaSwiatowa03,
  author =	 "Martin Gilbert",
  title =	 {{Pierwsza wojna światowa}},
  publisher =	 {{Zysk i~S\dywiz ka}},
  address =	 {{Poznań}},
  year =	 2003,
  edition =	 {{I}},
}





@Comment ###############################
ŚWIAT PO 1945 R.
@Comment ###############################


@book{ JudtPowojnie16,
  author =	 "Tony Judt",
  title =	 {{Powojnie. Historia Europy od~roku~1945}},
  publisher =	 {{Dom Wydawniczy Rebis}},
  address =	 {{Poznań}},
  year =	 2016,
  edition =	 {{I~(dodruk)}},
}

@book{ VaroufakisASlabiMuszaUlegac17,
  author =	 "Janis Waroufakis",
  title =	 {{A~słabi muszą ulegać? Europa, polityka oszczędnościowa
  a~zagrożenie dla~globalnej stabilizacji}},
  publisher =	 {{Wydawnictwo Krytyki Politycznej}},
  address =	 {{Warszawa}},
  edition =	 {{I}},
  year =	 2017,
}

@book{ VaroufakisGlobalnyMinotaur15,
  author =	 "Yanis Varoufakis",
  title =	 {{Globalny Minotaur. Europa, Ameryka i~przyszłość
  światowej gospodarki}},
  publisher =	 {{Wydawnictwo Naukowe PWN}},
  address =	 {{Warszawa}},
  edition =	 {{I}},
  year =	 2015,
}



@Comment ###############################
ŚWIAT PO 1989 R.
@Comment ###############################


@book{ TherNowyLad15,
  author =	 "Philipp Ther",
  title =	 {{Nowy ład na~starym kontynencie. Historia
                  neoliberalnej Europy}},
  publisher =	 {{Kurhaus Publishing}},
  address =	 {{Warszawa}},
  edition =	 {{I}},
  year =	 2015,
  series =	 "Biznes horyzonty",
}





@Comment ###############################
RÓŻNE DZIEŁA HISTORYCZNE


@book{ AudisioChiaraTworcyZjednoczonejEuropy07,
  author =	 "Giuseppe Audisio and Alberto Chiara",
  title =	 {{Twórcy Zjednoczonej Europy. Robert Schuman, Konrad
                  Adenauer, Alicide de~Gasperi}},
  publisher =	 {{Instytut Wydawniczy PAX}},
  address =	 {{Warszawa}},
  year =	 2007,
  edition =	 {{I}},
}

@book{ GordonNowozytnaHistoriaJaponii10,
  author =	 "Andrew Gordon",
  title =	 {{Nowożytna historia Japonii}},
  publisher =	 {{Państwowy Instytut Wydawniczy}},
  address =	 {{Warszawa}},
  year =	 2010,
  edition =	 {{I}},
}





@Comment ###############################
BIOGRAFIE
@Comment ###############################


@book{ CenckiewiczAnnaSolidarnosc10,
  author =	 "Sławomir Cenckiewicz",
  title =	 {{Anna Solidarność. Życie i~działalność Anny
                  Walentynowicz na~tle epoki (1929--2010)}},
  publisher =	 {{Zysk i S\dywiz ka}},
  address =	 {{Poznań}},
  year =	 2010,
  edition =	 {{I}},
}

@book{ GessenPutinCzlowiekBezTwarzy12,
  author =	 "Masha Gessen",
  title =	 {{Putin. Człowiek bez twarzy}},
  publisher =	 {{Prószyński i~S\dywiz ka}},
  address =	 "Warszawa",
  year =	 2012,
  edition =	 {{I}},
}

@book{ KrysickiPoczetWielkichMatematykow89,
  author =	 "Red. Włodzimierz Krysicki",
  title =	 {{Poczet wielkich matematyków}},
  publisher =	 {{Nasza Księgarnia}},
  address =	 {{}},
  year =	 1989,
  edition =	 {{}},
}

@book{ NowakJanPawelIIKronikaZyciaIPontyfikatu15,
  author =	 "Andrzej Nowak",
  title =	 {{Jan Paweł II. Kroniki życia i~pontyfikatu}},
  publisher =	 {{Wydawnictwo Olesiejuk}},
  address =	 "Kraków",
  year =	 2015,
  edition =	 {{I}},
}

@book{ NowakHistoriaIPolityka16,
  author =	 "Andrzej Nowak",
  title =	 {{Historia i~polityka}},
  publisher =	 {{Biały Kruk}},
  address =	 "Kraków",
  year =	 2016,
  edition =	 {{I}},
}

@book{ HistoriaPolskiXIXTomI13,
  author =	 "Red. Andrzej Nowak",
  title =	 {{Historie Polskie w~XIX wieku. Tom~I. Kominy, ludzie
                  i~obłoki: modernizacja i~kultura}},
  publisher =	 {{Wydawnictwo DiG}},
  address =	 {{Warszawa}},
  year =	 2013,
  edition =	 {{I}},
}

@book{ RoszkowskiNajnowszaHistoriaPolski14-39DatWyd11,
  author =	 "Wojciech Roszkowski",
  title =	 {{Najnowsza historia Polski: 1914--1939}},
  publisher =	 {{Świat Książki}},
  address =	 {{Warszawa}},
  series =	 {{Najnowsza histora Polski}},
  year =	 2011,
  edition =	 {{I}},
}

@book{ RoszkowskiNajnowszaHistoriaPolski39-45Wyd11,
  author =	 "Wojciech Roszkowski",
  title =	 {{Najnowsza historia Polski: 1939--1945}},
  publisher =	 {{Świat Książki}},
  address =	 {{Warszawa}},
  series =	 {{Najnowsza historia Polski}},
  year =	 2011,
  edition =	 {{I}},
}

@book{ RoszkowskiNajnowszaHistoriaPolski80-89Wyd11,
  author =	 "Wojciech Roszkowski",
  title =	 {{Najnowsza historia Polski: 1980--1989}},
  publisher =	 {{Świat Książki}},
  address =	 {{Warszawa}},
  series =	 {{Najnowsza historia Polski}},
  year =	 2011,
  edition =	 {{I}},
}

@book{ RoszkowskiNajnowszaHistoriaPolski89-11Wyd11,
  author =	 "Wojciech Roszkowski",
  title =	 {{Najnowsza historia Polski: 1989--2011}},
  publisher =	 {{Świat Książki}},
  address =	 {{Warszawa}},
  series =	 {{Najnowsza historia Polski}},
  year =	 2011,
  edition =	 {{I}},
}

@book{ SuworowZukowCienZwyciestwa02,
  author =	 "Wiktor Suworow",
  title =	 {{Żukow --~cień zwycięstwa}},
  publisher =	 {{Wydawnictwo Adamski i~Bieliński}},
  year =	 2002,
  edition =	 {{I}},
}

@book{ TazbirKulturaSzlacheckaWPolsce13,
  author =	 "Janusz Tazbir",
  title =	 {{Kultura szlachecka w~Polsce. Rozkwit -- upadek --
                  relikty.}},
  publisher =	 {{Wydawnictwo Nauka i~Innowacje}},
  address =	 {{Poznań}},
  year =	 2013,
  edition =	 {{}},
}





@Comment ###############################
HISTORIA NAUKI
@Comment ###############################


@book{ BoyerHistoriaRachunkuRozniczkowegoICalkowego64,
  author =	 "Carl Benjamin Boyer",
  title =	 {{Historia rachunku różniczkowego i~całkowego
                  i~rozwój jego pojęć}},
  publisher =	 {{Państwowe Wydawnictwo Naukowe}},
  address =	 {{Warszawa}},
  year =	 1964,
  edition =	 {{I}},
}





@Comment ###############################
ESEJE I PUBLICYSTYKA
@Comment ###############################


@book{ NowakOdPolskiDoPostpolityki10,
  author =	 "Andrzej Nowak",
  title =	 {{Od~Polski do~post\dywiz polityki. Intelektualna
                  historia zapaści Rzeczpospolitej}},
  publisher =	 {{Wydawnictwo ARCANA}},
  address =	 {{Kraków}},
  year =	 2010,
  edition =	 {{I}},
  series =	 {{ARCANA HISTORII}},
}

@book{ NowakStrachyILachy12,
  author =	 "Andrzej Nowak",
  title =	 {{Strachy i~lachy. Przemiany polskiej pamięci
                  1982--2012}},
  publisher =	 {{Biały Kruk}},
  address =	 {{Kraków}},
  year =	 2012,
  edition =	 {{I}},
}

@book{ NowakUlegloscCzyNiepodleglosc14,
  author =	 "Andrzej Nowak",
  title =	 {{Uległość czy niepodległość}},
  publisher =	 {{Biały Kruk}},
  address =	 {{Kraków}},
  year =	 2014,
  edition =	 {{I}},
}

@book{ NowakIntelektualnaHistoriaIIIRP13,
  author =	 "Andrzej Nowak",
  title =	 {{Intelektualna historia III RP. Rozmowy z~lat
                  1990--2012}},
  publisher =	 {{Sic!}},
  address =	 {{Warszawa}},
  year =	 2013,
  edition =	 {{I}},
}





@Comment #############################################################
@Comment #############################################################
JĘZYKI
@Comment #############################################################
@Comment #############################################################





@Comment #############################################################
@Comment #############################################################
@Comment #############################################################
ARTYKULY
@Comment #############################################################
@Comment #############################################################
@Comment #############################################################



@Comment #########################################
MATEMATYKA
@Comment #########################################


@article{ Harrsion93,
  author =	 {{Harrison, J.}},
  title =	 {{Stokes' theorem for nonsmoot chains}},
  year =	 {{1993}},
  journal =	 "Bull. Amer. Math. Soc. (N. S.)",
  volume =	 29,
  pages =	 "235-242",
  archivePrefix ="arXiv:math",
  eprint =	 "9310231v1",
  primaryClass = "math.DG"
}

@article{ MarquesNevesN12,
  author =	 "F. C. Marques, A. Neves",
  title =	 {{Min-Max theory and the Willmore conjecture}},
  year =	 {{2012}},
  journal =	 {{}},
  archivePrefix ="arXiv",
  eprint =	 "1202.6036v2",
  primaryClass = "math-DG",
}
                  
                  
                  
                  
                  





@Comment #########################################
FIZYKA FAZY SKONDENSOWANEJ
@Comment #########################################


@article{ QiWittenZhang12,
  author =	 "X.-L. Qi and E. Witten and S.-Ch. Zhang",
  title =	 {{Axion topological field theory of topological
                  superconductors}},
  year =	 {{2012}},
  archivePrefix ="arXiv",
  eprint =	 "1206.1407v2",
  primaryClass = "cond-mat.supr-con",
  journal =	 {{}},
}
                  
                  
                  
                  
                  





@Comment #########################################
TEORIA STRUN
@Comment #########################################


@article{ Schwarz00,
  author =	 "John H.~Schwarz",
  title =	 {{String Theory: The~Early Years}},
  year =	 {{2000}},
  archivePrefix ="arXiv",
  eprint =	 "0007.118.v3",
  primaryClass = "hep-th",
  journal =	 {{}},
}

@article{ Susskind70,
  author =	 "L. Susskind",
  title =	 {{Dual-Symmetric Theory~of Hadrons. --~I}},
  year =	 {{1970}},
  journal =	 {{Il~Nuovo Cimento}},
  volume =	 "LXIX A",
  pages =	 {{457--496}},
}





@Comment #########################################
GENERAL RELATIVITY
@Comment #########################################


@article{ ElvangFigurasF07,
  author =	 "H. Elvang and P. Figuras",
  title =	 {{Black Saturn}},
  year =	 {{2007}},
  archivePrefix ="arXiv",
  eprint =	 "0701.035v2",
  primaryClass = "hep-th",
  journal =	 {{}},
}





@Comment #########################################
QFT ARTYKUŁY
@Comment #########################################


@article{ BMM01,
  author =	 "M. Bordag, U. Mohideen, V. M. Mostepanenko",
  year =	 2001,
  title =	 {{New Developments in the Casimir Effect}},
  journal =	 "Phys.Rept.",
  volume =	 353,
  pages =	 "1-205",
  archivePrefix ="arXiv",
  eprint =	 0106045,
  primaryClass = "quant-ph",
}

@article{ Casimir48,
  author =	 "H. G. B. Casimir",
  title =	 "On the attraction between two perfectly conducting
                  plates",
  year =	 1948,
  journal =	 {{Proc. K. Ned. Akad. Wet.}},
  volume =	 "B51",
  pages =	 793
}





@Comment #########################################
FIZYKA MATEMATYCZNA
@Comment #########################################


@article{ BardeenCarterHawkingCH73,
  author =	 "J. M. Bardeen, B. Carter, S. W. Hawking",
  title =	 {{The Four Law of Black Hole Mechanics}},
  journal =	 {{Commun. math. Phys.}},
  year =	 1973,
  volume =	 31,
  pages =	 "161--170"
}

@article{ Carter68,
  author =	 "B. Carter",
  title =	 {{Hamilton-Jacobi and Schrodinger Separable Solutions
                  of Einstein's Equation}},
  journal =	 "Commun. math. Phys.",
  year =	 1968,
  volume =	 10,
  pages =	 "280--310"
}

@article{ DBHPS08,
  author =	 {{G. H. E. Duchamp and P. Blasiak and A. Horzela and
                  K. A. Penson and A. I. Solomon}},
  title =	 {{Hopf Algebras in General and in Combinatorial
                  Physics: a practical introduction}},
  archivePrefix ="arXiv",
  eprint =	 "0802.0249v1",
  primaryClass = "quant-ph",
  year =	 2008,
  journal =	 {{}},
}

@article{ FermiPizzocchero17,
  author =	 {{Davide Fermi, Livio Pizzocchero}},
  title =	 {{Local Casimir Effet for~a~Scalar Field
                  in~Presence~of a~Point Impurity}},
  year =	 2017,
  journal =	 {{}},
  volume =	 {{}},
  pages =	 {{}},
  archivePrefix ={{arXiv}},
  eprint =	 {{1712.10039}},
  primaryClass = {{math-ph}},
}

@article{ GraciaBondia03,
  author =	 "J. M. Gracia-Bondia",
  title =	 {{Improved Epstein-Glaser renormalization in
                  coordinate space I. Euclidean framework}},
  year =	 2003,
  journal =	 "Math. Phys. Anal. Geom",
  volume =	 6,
  pages =	 "59--88",
  archivePrefix ="arXiv",
  eprint =	 "0202.023v1",
  primaryClass = "hep-th",
}

@article{ Hawking75,
  author =	 "S. W. Hawking",
  title =	 {{Particle Creation by Black Holes}},
  journal =	 {{Commun. math. Phys.}},
  year =	 1975,
  volume =	 43,
  pages =	 "199--220"
}

@article{ Summers12,
  author =	 {{S. J. Summers}},
  year =	 2012,
  title =	 {{A Perspective on Constructive Quantum Field
                  Theory}},
  archivePrefix ="arXiv",
  eprint =	 "1203.3991v1",
  primaryClass = "math-ph",
  journal =	 {{}},
}

@article{ Witten89,
  author =	 "E. Witten",
  year =	 1989,
  title =	 {{Quantum Field Theory and the Jones Polynomial}},
  journal =	 "Commun. Math. Phys.",
  volume =	 121,
  pages =	 "351--399"
}





@Comment ###############################
ALGEBRAICZNA QFT
@Comment ###############################


@article{ BrunettiDutchFredenhagenVerch09,
  author =	 {{R. Brunetti and M. D\"{u}tsch and K. Fredenhagen
                  and R. Verch}},
  title =	 {{Perturbative Algebraic Quantum Field Theory and the
                  Renormalization Groups}},
  archivePrefix ="arXiv",
  eprint =	 "0901.2038v2v1",
  primaryClass = "math-th",
  year =	 2009,
  journal =	 {{}},
}

@article{ BrunettiFredenhagen00,
  author =	 "R. Brunetti, K. Fredenhagen",
  title =	 {{Microlocal Analysis and Interacting Quantum Field
                  Theories: Renormalization on Physical Backgrounds}},
  year =	 2000,
  journal =	 "Commun. Math. Phys.",
  volume =	 208,
  pages =	 "623--661",
  archivePrefix ="arXiv",
  eprint =	 "9903.028v1",
  primaryClass = "math-ph",
}

@article{ BrunettiFredenhagen09,
  author =	 "R. Brunetti and K. Fredenhagen",
  title =	 {{Quantum Field Theory on Curved Backgrounds}},
  year =	 2009,
  archivePrefix ="arXiv",
  eprint =	 "0901.2063v1",
  primaryClass = "gr-qc",
  journal =	 {{}},
}

@article{ BrunettiFredenhagenVerch03,
  author =	 "R. Brunetti, K. Fredenhagen, R. Verch",
  title =	 {{The~Generally Covariant Locality Principle --~A~New
                  Paradigm for Local Quantum Field Theory}},
  year =	 2003,
  journal =	 "Commun. Math. Phys.",
  volume =	 237,
  pages =	 "31--68",
  archivePrefix ="arXiv",
  eprint =	 "0112.041v1",
  primaryClass = "math-th",
}

@article{ Buchholz82,
  author =	 "D. Buchholz",
  title =	 {{The Physical State Space of Quantum Electrodynamics}},
  year =	 1982,
  journal =	 "Commun. Math. Phys.",
  volume =	 85,
  pages =	 {{49--71}}
}

@article{ DappiaggiNosariPinamonti17,
  author =	 {{Claudio Dappiagii, Gabriel Nosari, Nicola
                  Pinmonti}},
  title =	 {{The~Casimir Effect from the~Point~of View~of
                  Algebraic Quantum Field Theory}},
  year =	 2014,
  journal =	 {{Math.Phys.Anal.Geom.}},
  volume =	 19,
  number =	 {{2: 12}},
  archivePrefix ={{arXiv}},
  eprint =	 {{1412.1409v2}},
  primaryClass = {{math-th}},
}

@article{ Dimock80,
  author =	 "J. Dimock",
  title =	 {{Algebras of Local Observables on a Manifold}},
  year =	 1980,
  journal =	 {{Commun. Math. Phys.}},
  volume =	 77,
  pages =	 "219--228"
}

@article{ FredenhagenRejzner12,
  author =	 "K. Fredenhagen and K. Rejzner",
  title =	 {{Perturbative algebraic quantum field theory}},
  year =	 2012,
  archivePrefix ="arXiv",
  eprint =	 "1208.1428v2",
  primaryClass = "hep-th",
  journal =	 {{}},
}

@article{ Herdegen01,
  author =	 "Andrzej Herdegen",
  title =	 {{No-nonsens Casimir force}},
  year =	 2001,
  journal =	 {{Acta Phys.Polon.}},
  volume =	 "B32",
  pages =	 "55--65",
  archivePrefix ="arXiv",
  eprint =	 "0008.207v2",
  primaryClass = "hep-th",
}

@article{ Herdegen05,
  author =	 "Andrzej Herdegen",
  year =	 2005,
  title =	 {{Quantum backreaction (Casimir) effect~I. What are
                  admissible idealizations?}},
  journal =	 "Ann. H. Poincare",
  volume =	 6,
  pages =	 {{657--695}},
  archivePrefix ="arXiv",
  eprint =	 "0412.132v1",
  primaryClass = "hep-th",
}

@article{ Herdegen06,
  author =	 "Andrzej Herdegen",
  year =	 2006,
  title =	 {{Quantum backreaction (Casimir) effect II. Scalar
                  and electromagnetic fields}},
  journal =	 "Ann. H. Poincare",
  volume =	 7,
  pages =	 {{253--301}},
  archivePrefix ="arXiv",
  eprint =	 "0507.023v1",
  primaryClass = "hep-th",
}

@article{ HerdegenStopa10,
  author =	 "Herdegen, Andrzej and Stopa, Mariusz",
  title =	 {{Global vs local Casimir effect}},
  year =	 2010,
  journal =	 {{Ann. H. Poincare}},
  volume =	 11,
  pages =	 {{1171--1200}},
  archivePrefix ={{arXiv}},
  eprint =	 {{1007.2139v1}},
  primaryClass = {{hep-th}},
}

@article{ Keller10,
  author =	 {{K. J. Keller}},
  title =	 {{Dimensional Regularization in Position Space
                  and~a~Forest Formula for Regularized Epstein-Glaser
                  Renormalization}},
  year =	 {{2010}},
  journal =	 {{}},
  archivePrefix ={{arXiv}},
  eprint =	 {{1006.2148v1}},
  primaryClass = {{math-th}},
  note =	 {{PhD thesis}},
}

@article{ Rejzner11,
  author =	 {{Katarzyna Rejzner}},
  year =	 {{2011}},
  title =	 {{Batalin-Vilkovisky formalism in~locally covariant
                  field theory}},
  journal =	 {{}},
  archivePrefix ={{arXiv}},
  eprint =	 {{1111.5130v2}},
  primaryClass = {{math-th}},
  note =	 {{PhD thesis}},
}





@Comment ###############################
INNE. NIEUPORZĄDKOWANE.
@Comment ###############################


@article{ Chan01,
  author =	 {{H. B. Chan and V. A. Aksyuk and R. N. Kleiman and
                  D. J. Bishop and Federico Capasso}},
  title =	 {{Quantum Mechanical Actuation of
                  Microelectromechanical Systems by the Casimir
                  Force}},
  year =	 2001,
  journal =	 "Science",
  volume =	 297,
  pages =	 1941
}

@article{ Kus12,
  author =	 "P. Kusek",
  year =	 2012,
  title =	 {{Transformacje Bogolubowa w układach kwantowych}},
  journal =	 {{}},
  volume =	 {{}},
  pages =	 {{}},
}

@article{ SWM98,
  author =	 {{F. Michael Serry and Dirk Walliser and G. Jordan
                  Maclay}},
  title =	 {{The role of the casimir effect in the static
                  deflection and stiction of membrane strips in
                  microelectromechanical systems (MEMS)}},
  year =	 1998,
  journal =	 "J. Appl. Phys.",
  volume =	 84,
  pages =	 2501
}

@article{ Sparnaay58,
  author =	 "M. J. Sparnaay",
  title =	 {{Measurements of attractive forces between flat
                  plates}},
  journal =	 "Physica",
  volume =	 24,
  pages =	 {{751--764}},
  year =	 1958,
}





@Comment ###############################
HISTORIA I FILOZOFIA NAUKI
@Comment ###############################


@article{ WalczakCzyMozliwaJest16,
  author =	 "Monika Walczak",
  title =	 {{Czy~możliwa jest wiedza interdyscyplinarna?}},
  journal =	 {{Zagadnienie naukoznawstwa. Kwartalnik}},
  volume =	 {{LII~zeszyt 1~(207)}},
  pages =	 {{113--126}},
  year =	 2016,
}

@article{ WittenEinsteinBergmann14,
  author =	 "E. Witten",
  title =	 {{A Note On Einsten, Bergmann, and the Fifth
                  Dimesion}},
  year =	 2014,
  archivePrefix ="arXiv",
  eprint =	 "1401.8048v1",
  primaryClass = "hist-ph",
  journal =	 {{}},
}





@Comment ###############################
ARTYKUŁY RÓŻNE
@Comment ###############################


@article{ Madela122,
  author =	 "Andrzej Madela",
  title =	 {{W~cieniu Norymbergi. Niemcy Zachodnie lat
                  1945--1955 wobec denazyfikacji}},
  journal =	 "ARCANA",
  volume =	 122,
  pages =	 {{74--92}},
  year =	 2015,
}

@article{ Tisonczyk123,
  author =	 "Tomasz Tisończyk",
  title =	 {{\emph{Haiku} na~zaliczenie}},
  year =	 2015,
  journal =	 "ARCANA",
  volume =	 123,
  pages =	 {{180--186}},
}

@article{ Zachenter124,
  author =	 "Anna Zachenter",
  title =	 {{Wrzesień 1939 roku w~oczach współczesnych Niemców}},
  journal =	 "ARCANA",
  volume =	 124,
  pages =	 {{54--64}},
  year =	 2015,
}

@article{ AKarc124,
  author =	 "Agnieszka Kurnik",
  title =	 {{,,Gra resztkami'' jako substytut kultury}},
  journal =	 "ARCANA",
  volume =	 124,
  pages =	 {{102--112}},
  year =	 2015,
}

@article{ Gruchala125,
  author =	 "Wojciech Gruchała",
  title =	 {{Kiedy przestaliśmy czytać Żeromskiego?}},
  year =	 2015,
  journal =	 "ARCANA",
  volume =	 125,
  pages =	 {{18--30}},
}

@article{ Gabis125,
  author =	 "Tomasz Gabiś",
  title =	 {{Powitajmy uchodźców z~Europy Zachodniej!}},
  year =	 2015,
  journal =	 "ARCANA",
  volume =	 125,
  pages =	 {{52--63}},
}

@article{ Tolczyk125,
  author =	 "Dariusz Tołczyk",
  title =	 {{Dlaczego Sołżenicyn? Spóźnione odkrycie Gułagu
                  na~Zachodzie.}},
  journal =	 "ARCANA",
  volume =	 125,
  pages =	 {{111--136}},
  year =	 2015,
}





@Comment #############################################################
@Comment #############################################################
LITERATURA
@Comment #############################################################
@Comment #############################################################


@book{ BaranczakAntologiaAngielskiejPozejiMetafizycznej82,
  author =	 "Stanisław Barańczak",
  title =	 {{Antologia angielskiej poezji metafizycznej XVII
  stulecia}},
  publisher =	 {{Państwowy Instytytu Wydawniczy}},
  address =	 {{Warszawa}},
  year =	 1982,
  edition =	 {{I}},
}

@book{ ChestertonCzlowiekKtoryBylCzwartkiem08,
  author =	 "G. K. Chesterton",
  title =	 {{Człowiek, który był czwartkiem}},
  publisher =	 {{FRONDA PL sp. z o. o.}},
  address =	 {{Warszawa}},
  year =	 2008,
  edition =	 {{I}},
}

@book{ DukajWroniec09,
  author =	 {{Jacek Dukaj}},
  title =	 {{Wroniec}},
  publisher =	 {{Wydawnictwo Literackie Sp. z~o.o.}},
  address =	 {{Kraków}},
  year =	 2009,
  edition =	 {{I}},
}

@book{ EisneNowyYork08,
  author =	 {{Will Eisner}},
  title =	 {{Nowy York. Życie w~wielki mieście}},
  publisher =	 {{Egmont Polska}},
  address =	 {{Warszawa}},
  year =	 2008,
  edition =	 {{I}},
}

@book{ EisneSpirit09,
  author =	 "Will Eisner",
  title =	 {{Spirit. Najlepsze opowieści}},
  publisher =	 {{Egmont Polska}},
  address =	 {{Warszawa}},
  year =	 2009,
  edition =	 {{I}},
}

@book{ EisnerZycieWObrazkach09,
  author =	 "Will Eisner",
  title =	 {{Życie w~obrazkach. Opowieści autobiograficzne}},
  publisher =	 {{Egmont Polska}},
  address =	 {{Warszawa}},
  year =	 2009,
  edition =	 {{I}},
}

@book{ EndoMilczenie86,
  author =	 "Shusaku Endo",
  title =	 {{Milczenie}},
  publisher =	 {{Instytut Wydawniczy PAX}},
  address =	 {{Warszawa}},
  year =	 1986,
  edition =	 {{II}},
}

@book{ IwaszkiewiczWierszeTomI77,
  author =	 "Jarosław Iwaszkiewicz",
  title =	 {{Wiersze}},
  publisher =	 {{Czytelnik}},
  address =	 {{Warszawa}},
  year =	 1977,
  edition =	 {{I}},
  volume =	 {{I}},
}

@book{ LechonPoezje73,
  author =	 "Jan Lechoń",
  title =	 {{Poezje}},
  publisher =	 {{Państwowy Instytut Wydawniczy}},
  address =	 {{Warszawa}},
  year =	 1973,
  edition =	 {{II}},
}

@book{ LemDziennikiGwiazdowe82,
  author =	 "Stanisław Lem",
  title =	 {{Dzienniki gwiazdowe. Wydanie rozszerzone}},
  publisher =	 {{Wydawnictwo Literackie}},
  address =	 {{Kraków}},
  year =	 1982,
  edition =	 {{I~rozszerzone}},
}

@book{ MannDoktorFaustus02,
  author =	 "Tomasz Mann",
  title =	 {{Doktor Faustus. Żywot niemieckiego kompozytora
                  Adriana Leverk\"{u}hna opowiedziany przez jego
                  przyjaciela}},
  publisher =	 {{Porozumienie Wydawców}},
  address =	 {{Kraków}},
  year =	 2002,
  edition =	 {{I}},
}

@book{ MickiewiczKsiegaNaroduPolskieg04,
  author =	 "Adam Mickiewicz",
  title =	 {{Księgi narodu polskiego i~pielgrzymstwa polskiego}},
  publisher =	 {{Zakład Narodowy im. Ossolińskich}},
  address =	 {{Wrocław}},
  year =	 2004,
  edition =	 {{}},
}

@book{ MickiewiczMysliZdaniaIUwagi00,
  author =	 "Adam Mickiewicz",
  title =	 {{Myśli, zdania i~uwagi}},
  publisher =	 "Prószyński i~S\dywiz ka",
  address =	 {{Warszawa}},
  year =	 2000,
  edition =	 {{I}},
}

@book{ RymkiewiczCichoCiszej03,
  author =	 "Jarosław Marek Rymkiewicz",
  title =	 {{Cicho ciszej. Wybrane wiersze z~lat 1963--2002}},
  publisher =	 {{Sic!}},
  address =	 {{Warszawa}},
  year =	 2003,
  edition =	 {{I}},
}

@book{ WildsteinPrzyszloscZOgraniczona10,
  author =	 "Bronisław Wildstein",
  title =	 {{Przyszłość z~ograniczoną odpowiedzialnością}},
  publisher =	 {{Wydawnictwo~M}},
  address =	 {{Kraków}},
  year =	 2010,
  edition =	 {{II}},
}





@Comment ###############################
SHAKESPEARE
@Comment ###############################


@book{ WesoleKumoszkiZWindsoru98,
  author =	 "William Shakespeare",
  title =	 {{Wesołe kumoszki z~Windsoru}},
  publisher =	 {{Wydawnictwo ZNAK}},
  address =	 {{Kraków}},
  year =	 1998,
  edition =	 {{I}},
}

@book{ Burza99,
  author =	 "William Shakespeare",
  title =	 {{Burza}},
  publisher =	 {{Wydawnictwo ZNAK}},
  address =	 {{Kraków}},
  year =	 1999,
  edition =	 {{I}},
}
