@Comment #############################################################
@Comment #############################################################
@Comment Chemistry. Netography
@Comment #############################################################
@Comment #############################################################



@Comment #############################################################
@Comment MIT 5.111 Principles of Chemical Science
@Comment #############################################################


@Comment ###################################################
@Comment 2017 year
@Comment ###################################################


@online{ MIT-OCW-Lec-01-The-Importance-of-Chemical-Principles-Ver-2017,
  author =	 {MIT OpenCourseWare},
  title =	 {1.~The Importanc~of Chemical Principles},
  year =	 2017,
  url =		 {https://www.youtube.com/watch?v=YkYeYhXUeEE},
  urldate =	 {2025-01-01},
  note =	 {MIT~5.111 Principles~of Chemical Science, Fall~2014},
}



@online{ MIT-OCW-Lec-02-Atomic-Structure-Ver-2017,
  author =	 {MIT OpenCourseWare},
  title =	 {2.~Atomic Structure},
  year =	 2017,
  url =		 {https://www.youtube.com/watch?v=YkYeYhXUeEE},
  urldate =	 {2025-01-02},
  note =	 {MIT~5.111 Principles~of Chemical Science, Fall~2014},
}



@online{ MIT-OCW-Lec-03-Wave-Particle-Duality-of-Light-Ver-2017,
  author =	 {MIT OpenCourseWare},
  title =	 {3.~Wave-Particle Duality~of Light},
  year =	 2017,
  url =		 {https://www.youtube.com/watch?v=_U6YamvF7BE},
  urldate =	 {2025-01-02},
  note =	 {MIT~5.111 Principles~of Chemical Science, Fall~2014},
}



@online{ MIT-OCW-Lec-04-Wave-Particle-Duality-of-Matter-ETC-Ver-2017,
  author =	 {MIT OpenCourseWare},
  title =	 {4.~Wave-Particle Duality~of Matter; Schr\"{o}dinger
                  Equation},
  year =	 2017,
  url =		 {https://www.youtube.com/watch?v=Qg7pQ_CYaIQ},
  urldate =	 {2025-01-03},
  note =	 {MIT~5.111 Principles~of Chemical Science, Fall~2014},
}



@online{ MIT-OCW-Lec-05-Hydrogen-Atom-Energy-Levels-Ver-2017,
  author =	 {MIT OpenCourseWAre},
  title =	 {Hydrogen Atom Energy Levels},
  year =	 2017,
  url =		 {https://www.youtube.com/watch?v=kO0VmaLkgj8},
  urldate =	 {2025-01-03},
  note =	 {MIT~5.111 Principles~of Chemical Science, Fall~2014},
}
