@book{ Wiener-Cybernetics-Second-edition-Pub-2016,
  author =	 {Norber Wiener},
  title =	 {Cybernetics, or~Control and~Communications
                  in~the~Animal and~the-Machine. Second edition},
  publisher =	 {Quid Pro Books},
  address =	 {New Orleans, Louisiana},
  year =	 2016,
  isbn =	 {978-1-61027-809-6},
}