@book{ Jackson-Elektrodynamika-klasyczna-Vol-I-Pub-1987,
  author =	 {J.D. Jackson},
  title =	 {Elektrodynamika klasyczna. Tom~I},
  publisher =	 {Państwowe Wydawnictwo Naukowe},
  address =	 {Warszawa},
  year =	 1987,
  edition =	 {II},
}



@book{ Rohrlich-Klasyczna-teoria-czastek-naladowanych-Pub-1981,
  author =	 {Fritz Rohrlich},
  title =	 {Klasyczna teoria cząstek naładowanych},
  publisher =	 {Państwowe Wydawnictwo Naukowe},
  address =	 {Warszawa},
  year =	 1981,
  edition =	 {I},
  isbn =	 {83-0101771-6},
}