@book{ Parent-Animacja-komputerowa-Algorytmy-i-techniki-Pub-2012,
  author =	 {Rick Parent},
  title =	 {Animacja komputerowa. Algortymy i~techniki},
  publisher =	 {Wydawnictwo Naukowe PWN},
  address =	 {Warszawa},
  year =	 2012,
  isbn =	 {978-83-01-16669-4},
  note =	 {Tłumaczenie Przemysław Kiciak},
}
