@Comment #############################################################
@Comment #############################################################
@Comment Mathematics, online resources
@Comment #############################################################
@Comment #############################################################













@Comment #############################################################
@Comment General reflections about mathematics
@Comment #############################################################


@online{ Southwell-My-perspective-on-ETC-2024,
  author =	 {Richard Southwell},
  title =	 {My Perspective On Category Theory: Past and Future},
  year =	 2024,
  url =		 {https://www.youtube.com/watch?v=X23P8HcuneI},
  urldate =	 {11-VII-2024},
}










@Comment #############################################################
@Comment Reverse mathematics
@Comment #############################################################


@online{ Simpson-The-Godel-Hirarchy-and-Reverse-Mathematics-2008,
  author =	 {Richard Southwell},
  title =	 {The~GÃ¶del Hierarchy and Reverse Mathematics},
  year =	 2008,
  url =		 {https://www.youtube.com/watch?v=fdERLrw9bkY},
  urldate =	 {12-VII-2024},
}