@Comment #############################################################
@Comment #############################################################
@Comment #############################################################
@Comment #############################################################
DEUS
@Comment #############################################################
@Comment #############################################################
@Comment #############################################################
@Comment #############################################################




@Comment #############################################################
@Comment #############################################################
NOVA AT VETERA
@Comment #############################################################
@Comment #############################################################



@article{ AustriacoTheologicalFittingness2015,
  author =	 {Nicanor Pier Giorgio Austriaco, O.P.},
  title =	 {A~Theological Fittingness Argument
		  for~the~Historicity~of the~Fall~of \emph{Homo
		  Sapiens}},
  journal =	 {Nova et Vetera, English Edition},
  year =	 2015,
  volume =	 13,
  number =	 3,
  pages =	 {651-667},
}


@article{ DewanStThomasNormanKretzmann2006,
  author =	 {Lawrence Dewan, O.P.},
  title =	 {St.~Thomas, Norman Kretzmann, and Divine Freedom
		  in~Creating},
  journal =	 {Nova et~Vetera, English Edition},
  year =	 2006,
  volume =	 4,
  number =	 3,
  pages =	 {495-514},
}


@article{ FarrowBackingBricksForBabel2010,
  author =	 {Douglas Farrow},
  title =	 {Baking Bricks~of Babel?},
  journal =	 {Nova et~Vetera, English Edition},
  year =	 2007,
  volume =	 8,
  number =	 4,
  pages =	 {745-762},
}


@article{ MansiniLonerganOnNaturalDesire2007,
  author =	 {Guy Mansini, O.S.B.},
  title =	 {Lonergan on~the~Natural Desire in~the~Light~of
		  Feingold},
  journal =	 {Nova et~Vetera, English Edition},
  year =	 2007,
  volume =	 5,
  number =	 1,
  pages =	 {185-198},
}


@article{ MartinPostChristendomSacramentalCrisis2013,
  author =	 {Ralph Martin},
  title =	 {The~Post-Christendom Sacramental Crisis: The~Wisdom
                  of Thomas Aquinas},
  journal =	 {Nova et~Vetera, English Edition},
  year =	 2013,
  volume =	 11,
  number =	 1,
  pages =	 {57-75},
}


@article{ MorerodIdentityOfNovaEtVetera2011,
  author =	 {Charles Morerod, O.P.},
  title =	 {The~Identity~of \emph{Nova et~Vera}},
  journal =	 {Nova et~Vetera, English Edition},
  year =	 2011,
  volume =	 9,
  number =	 1,
  pages =	 {11-25},
}


@article{ WeigelRescuingGaudiumEtSpes2010,
  author =	 {George Weigel},
  title =	 {Resciung \emph{Gaudium et~Spes}: The~New Humanism~of
                  John Paul~II},
  journal =	 {Nova et~Vetera, English Edition},
  year =	 2010,
  volume =	 8,
  number =	 2,
  pages =	 {251-267},
}
