@Comment ###############################
HISTORIA I FILOZOFIA NAUKI
@Comment ###############################


@article{ WalczakCzyMozliwaJest16,
  author =	 {Monika Walczak},
  title =	 {Czy~możliwa jest wiedza interdyscyplinarna?},
  journal =	 {Zagadnienie naukoznawstwa. Kwartalnik},
  year =	 2016,
  volume =	 {LII~zeszyt 1~(207)},
  pages =	 {113-126},
}





@Comment ###############################
ARTYKUŁY RÓŻNE
@Comment ###############################


@article{ Madela122,
  author =	 "Andrzej Madela",
  title =	 {{W~cieniu Norymbergi. Niemcy Zachodnie lat
		  1945--1955 wobec denazyfikacji}},
  journal =	 "ARCANA",
  volume =	 122,
  pages =	 {{74--92}},
  year =	 2015,
}

@article{ Tisonczyk123,
  author =	 "Tomasz Tisończyk",
  title =	 {{\emph{Haiku} na~zaliczenie}},
  year =	 2015,
  journal =	 "ARCANA",
  volume =	 123,
  pages =	 {{180--186}},
}

@article{ Zachenter124,
  author =	 "Anna Zachenter",
  title =	 {{Wrzesień 1939 roku w~oczach współczesnych Niemców}},
  journal =	 "ARCANA",
  volume =	 124,
  pages =	 {{54--64}},
  year =	 2015,
}

@article{ AKarc124,
  author =	 "Agnieszka Kurnik",
  title =	 {{,,Gra resztkami'' jako substytut kultury}},
  journal =	 "ARCANA",
  volume =	 124,
  pages =	 {{102--112}},
  year =	 2015,
}

@article{ Gruchala125,
  author =	 "Wojciech Gruchała",
  title =	 {{Kiedy przestaliśmy czytać Żeromskiego?}},
  year =	 2015,
  journal =	 "ARCANA",
  volume =	 125,
  pages =	 {{18--30}},
}

@article{ Gabis125,
  author =	 "Tomasz Gabiś",
  title =	 {{Powitajmy uchodźców z~Europy Zachodniej!}},
  year =	 2015,
  journal =	 "ARCANA",
  volume =	 125,
  pages =	 {{52--63}},
}

@article{ Tolczyk125,
  author =	 "Dariusz Tołczyk",
  title =	 {{Dlaczego Sołżenicyn? Spóźnione odkrycie Gułagu
		  na~Zachodzie.}},
  journal =	 "ARCANA",
  volume =	 125,
  pages =	 {{111--136}},
  year =	 2015,
}






@Comment ###############################
ARTYKUŁY RÓŻNE
@Comment ###############################


@article{ Madela122,
  author =	 "Andrzej Madela",
  title =	 {{W~cieniu Norymbergi. Niemcy Zachodnie lat
		  1945--1955 wobec denazyfikacji}},
  journal =	 "ARCANA",
  volume =	 122,
  pages =	 {{74--92}},
  year =	 2015,
}

@article{ Tisonczyk123,
  author =	 "Tomasz Tisończyk",
  title =	 {{\emph{Haiku} na~zaliczenie}},
  year =	 2015,
  journal =	 "ARCANA",
  volume =	 123,
  pages =	 {{180--186}},
}

@article{ Zachenter124,
  author =	 "Anna Zachenter",
  title =	 {{Wrzesień 1939 roku w~oczach współczesnych Niemców}},
  journal =	 "ARCANA",
  volume =	 124,
  pages =	 {{54--64}},
  year =	 2015,
}

@article{ AKarc124,
  author =	 "Agnieszka Kurnik",
  title =	 {{,,Gra resztkami'' jako substytut kultury}},
  journal =	 "ARCANA",
  volume =	 124,
  pages =	 {{102--112}},
  year =	 2015,
}

@article{ Gruchala125,
  author =	 "Wojciech Gruchała",
  title =	 {{Kiedy przestaliśmy czytać Żeromskiego?}},
  year =	 2015,
  journal =	 "ARCANA",
  volume =	 125,
  pages =	 {{18--30}},
}

@article{ Gabis125,
  author =	 "Tomasz Gabiś",
  title =	 {{Powitajmy uchodźców z~Europy Zachodniej!}},
  year =	 2015,
  journal =	 "ARCANA",
  volume =	 125,
  pages =	 {{52--63}},
}
