DEUS



@book{ SAug89,
	author	  = "Sancte Augustyn z Hippony",
	title	  = {{O kazaniu Pana na Górze. Do Symplicjana o różnych problemach. Problemy ewangeliczne.}},
	publisher = {{Warszawa}},
	%volume    = "",
	%number   = "",
	%series   = "",
	%address  = "",
	%edition   = "VI",
        year      = "1989",
        %month    = "",
        %note     = ""
     }

@book{ SSalF,
	author	  = {{Sancte Franciszek Salezy}},
	title	  = "Filotea",
	publisher = "Wydawnictwo AA",
	%volume   = "",
	%number   = "",
	%series   = "",
	%address  = "",
	%edition  = "",
        %year     = "",
        %month    = "",
        %note     = ""
     }

@book{ SHie08,
	author	  = "Sancte Hieronim ze Strydonu",
	title	  = "Komentarz do Ewangelii według św. Mateusza",
	publisher = "Wydawnictwo WAM",
	%volume   = "",
	%number   = "",
	%series   = "",
	%address  = "",
	%edition  = "",
       year      = "2008",
       %month    = "",
       %note     = ""
     }

@book{ STomI,
	author	  = {{Sancte Tomasz z Akwinu}},
	title	  = "Suma Teologiczna. Tom I.",
	publisher = "VERITAS",
	%volume   = "",
	%number   = "",
	%series   = "",
	%address  = "",
	%edition  = "",
       %year      = "",
       %month    = "",
       %note     = ""
     }

@book{ Bok96,
	author	  = "I. Bokwa",
	title	  = "Wprowadzenie do teologii Karla Rahnera",
	publisher = {{BIBLOS}},
	%volume    = "",
	%number   = "",
	%series   = "",
	%address  = "",
	%edition   = "",
        year      = "1996",
        %month    = "",
        %note     = ""
     }

@book{ Bra82,
	author	  = "R. Brandstaetter",
	title	  = "Jezus z Nazarethu",
	publisher = {{Instytut Wydawniczy PAX}},
	volume    = "I",
	%number   = "",
	%series   = "",
	%address  = "",
	edition   = "VI",
        year      = "1982",
        %month    = "",
        %note     = ""
     }

@book{ Bra86,
	author	  = "R. Brandstaetter",
	title	  = "Patriarchowie",
	publisher = {{Instytut Wydawniczy PAX}},
	%volume   = "",
	%number   = "",
	%series   = "",
	%address  = "",
	edition   = "I",
        year      = "1986",
        %month    = "",
        %note     = ""
     }

@book{ CheO,
	author	   = "G. K. Chesterton",
	title	   = {{Ortodoksja}},
	publisher = "Warszawa -- Ząbki",
	%volume   = "",
	%number   = "",
	%series   = "",
	%address  = "",
	edition   = "II -- Poprawione",
       %year      = "",
       %month    = "",
       %note     = ""
     }

@book{ Dav11,
	author	  = {{M. Davies}},
	title	  = "Sobór Papieża Jana. Rewolucja liturgiczna.",
	publisher = "ANTYK",
	%volume   = "",
	%number   = "",
	%series   = "",
	%address  = "",
	edition  = "I",
        year      = "2011",
        %month    = "",
        %note     = ""
     }

@book{ Dav02,
	author	  = {{M. Davies}},
	title	  = "Sobór Watykański II a wolność religijna",
	publisher = "Te Deum",
	%volume   = "",
	%number   = "",
	%series   = "",
	%address  = "",
	edition  = "I",
        year      = "2002",
        %month    = "",
        %note     = ""
     }

@book{ Dav04,
	author	  = "M. Davies",
	title	  = "Liturgiczne bomby zegarowe Vaticanum II. Zniszczenie katolickiej wiary przez zmiany w katolickim kulcie.",
	publisher = "Te Deum",
	%volume   = "",
	%number   = "",
	%series   = "",
	%address  = "",
	edition   = "I",
        year      = "2004",
        %month    = "",
        %note     = ""
     }

@book{ Ker11,
	author	  = "F. Kerr",
	title	  = "Katolicy teolodzy XX wieku",
	publisher = "WAM",
	%volume   = "",
	%number   = "",
	%series   = "",
	%address  = "",
	%edition   = "",
        year      = "2011",
        %month    = "",
        %note     = ""
     }

@book{ Mar05,
	author	  = "J. Maritain",
	title	  = {{Trzej reformatorzy. Luter, Kartezjusz, Rousseau.}},
	publisher = "Warszawa -- Ząbki",
	%volume   = "",
	%number   = "",
	%series   = "",
	%address  = "",
	edition   = "II -- Poprawione",
        year      = "2005",
        %month    = "",
        %note     = ""
     }

@book{ WójHdL,
	author	  = "M. Wójtowicz",
	title	  = "Henri de Lubac",
	publisher = "WAM",
	%volume   = "",
	%number   = "",
	%series   = "",
	%address  = "",
	%edition  = "",
        %year     = "",
        %month    = "",
        %note     = ""
     }



FILOZOFIA



@book{ AG81,
	author	   = {{G. E. M. Anscombe, P. T. Geach}},
	title	   = {{Trzej filozofowie}},
	publisher = "Instytut Wydawniczy Pax",
	%volume   = "",
	%number   = "",
	%series   = "",
	%address  = "",
	%edition  = "",
       year      = "1981",
       %month    = "",
       %note     = ""
     }

@book{ Ary04,
	author	   = "Arystoteles",
	title	   = {{Retoryka. Retoryka dla Aleksandra. Poetyka.}},
	publisher = "Wydawnictwo Naukowe PWN",
	%volume   = "",
	%number   = "",
	%series   = "",
	%address  = "",
	%edition  = "",
       year      = "2004",
       %month    = "",
       %note     = ""
     }

@book{ Cop04,
	author	  = "F. Copleston",
	title	  = "Historia filozofii",
	publisher = {{Instytut Wydaniczy PAX}},
	volume    = "I",
	%number   = "",
	%series   = "",
	%address  = "",
	edition   = "II",
        year      = "2004",
        %month    = "",
        %note     = ""
     }

@book{ Hel05,
	author	  = "M. Heller",
	title	  = "Filozofia przyrody",
	publisher = {{Społeczny Instytut Wydawniczy Znak}},
	%volume   = "",
	%number   = "",
	%series   = "",
	%address  = "",
	edition   = "I -- Dodruk",
        year      = "2005",
        %month    = "",
        %note     = ""
     }

@book{ Mac96,
	author	  = "A. MacIntyre",
	title	  = "Dziedzictwo cnoty",
	publisher = "Wydawnictwo Naukowe PWN",
	%volume   = "",
	%number   = "",
	%series   = "",
	%address  = "",
	edition   = "I",
        year      = "1996",
        %month    = "",
        %note     = ""
     }

@book{ Pla99,
	author	  = "Platon",
	title	  = "Dialogi",
	publisher = "ANTYK",
	volume    = "II",
	%number   = "",
	%series   = "",
	%address  = "",
	edition   = "I",
        year      = "1999",
        %month    = "",
        %note     = ""
     }


@book{ JKK73,
	author	  = {{J. Jędrzejewski, W. Kruczek, A. Kujawski}},
	title	  = "Zbiór zadań z fizyki dla kandydatów na wyższe uczelnie techniczne",
	publisher = "Wydawnictwo Naukowo-Techniczne",
	%volume   = "",
	%number   = "",
	%series   = "",
	%address  = "",
	edition   = "I",
	year      = "1973",
	%month    = "",
	%note     = ""
     }


Mechanika


@book{ KKR75,
	author	  = {{C. Kittel, W. D. Knight, M. A. Ruderman}},
	title	  = "Mechanika",
	publisher = {{Państwowe Wydawnictwo Naukowe}},
	%volume   = "",
	%number   = "",
	%series   = "",
	%address  = "",
	edition   = "III",
        year      = "1975",
        %month    = "",
        %note     = ""
     }



@book{ SW64,
	author	  = {{R. F. Streater, A. S. Wightman}},
	title     = {{PCT, spin and statistics, and all that}},
	publisher = "W. A. Benjamin, INC",
	%volume    = "",
	%number   = "",
	%series   = "",
	%address  = "",
	edition   = "I",
        year      = "1964",
        %month    = "",
        %note     = ""
     }

Teoria strun


@book{ GSW87,
	author	  = {{M. B. Green, J. H. Schwarz, E. Witten}},
	title	  = {{Superstring Theory. Volume 1: Introduction.}},
	publisher = "Cambridge University Press",
	%volume    = "I",
	%number   = "",
	%series   = "",
	%address  = "",
	%edition  = "",
        year      = "1987",
        %month    = "",
        %note     = ""
     }


Fizyka matematyczna


@book{ Haa96,
	author	  = "R. Haag",
	title	  = {{Local quantum physics : fields, particles, algebras.}},
	publisher = "Springer",
	%volume   = "",
	%number   = "",
	%series   = "",
	%address  = "",
	edition   = "II",
        year      = "1996",
        %month    = "",
        %note     = ""
     }

@book{ RPDDR,
	author	  = {{R. Penrose}},
	title	  = "Droga do rzeczywistości",
	publisher = "Prószyński i S-ka",
	%volume   = "",
	%number   = "",
	%series   = "",
	%address  = "",
	%edition  = "",
        %year      = "",
        %month    = "",
        %note     = ""
     }



INFORMATYKA



@book{ Grę06,
	author	  = {{J. Grębosz}},
	title	  = {{Symfonia C++ standard}},
	publisher = {{EDITION 2000}},
	volume    = "I",
	%number   = "",
	%series   = "",
	%address  = "",
	edition   = "II",
        year      = "2006",
        %month    = "",
        %note     = ""
     }

@book{ JHWTAJO,
	author	  = {{J. E. Hopcroft, R. Motwani, J. D. Ullman}},
	title	  = "Wprowadzenie do teorii automatów, języków i obliczeń",
	publisher = "Wydawnictwo Naukowe PWN",
	%volume   = "",
	%number   = "",
	%series   = "",
	%address  = "",
	edition   = "II",
        year      = "2005",
        %month    = "",
        %note     = ""
     }

@book{ KR01,
	author	  = {{B. W. Kernighan, D. M. Ritchie}},
	title	  = {{Język ANSI C}},
	publisher = {{Wydawnictwo Naukowo-Techniczne}},
	%volume   = "",
	%number   = "",
	%series   = "",
	%address  = "",
	edition   = "VI",
        year      = "2001",
        %month    = "",
        %note     = ""
     }



JĘZYKI



@book{ CzR04,
	author	  = {{J. Czyżma, E. Roguszczak}},
	title	  = {{Język łaciński}},
	publisher = {{Wydawnictwo Uniwersytetu Gdańskiego}},
	%volume   = "",
	%number   = "",
	%series   = "",
	%address  = "",
	edition   = "V",
        year      = "2004",
        %month    = "",
        %note     = ""
     }

@book{ Mur98,
	author	  = {{R. Murphy}},
	title	  = {{English Grammar in Use}},
	publisher = {{Cambridge University Press}},
	%volume   = "",
	%number   = "",
	%series   = "",
	%address  = "",
	edition   = "Second",
        year      = "1998",
        %month    = "",
        %note     = ""
     }
