@Comment #############################################################
@Comment #############################################################
@Comment #############################################################
@Comment #############################################################
DEUS
@Comment #############################################################
@Comment #############################################################
@Comment #############################################################
@Comment #############################################################





@Comment #############################################################
@Comment #############################################################
@Comment #############################################################
DZIEŁA ŚWIĘTYCH
@Comment #############################################################
@Comment #############################################################
@Comment #############################################################



@Comment #############################################################
IV-V WIEK PO CHRYSTUSIE
@Comment #############################################################


@book{ SancteAugustynCivitasDei2015,
  author =	 {Sancte Augustyn z~Hippony},
  title =	 {Państwo Boże},
  publisher =	 {Wydawnictwo Marek Derewiecki},
  address =	 {Kęty},
  year =	 2015,
  note =	 {ddd},
}


@book{ SancteAugustunConfessiones2007,
  author =	 {Sancte Augustyn z~Hippony},
  title =	 {Wyznania},
  publisher =	 {Wydawnictwo Znak},
  address =	 {Kraków},
  year =	 2007,
  edition =	 {{IV}},
}


@book{ SancteAugustynOKazaniuPanaNaGorzeIInneDziela1989,
  author =	 {Sancet Augustyn z~Hippony},
  title =	 {O~kazaniu Pana na Górze. Do~Symplicjana o~różnych
		  problemach. Problemy ewangeliczne},
  publisher =	 {{}},
  address =	 {Warszawa},
  year =	 1989,
  note =	 {ddd},
}


@book{ SancteAugustynDeCivitateDei2015,
  author =	 {Sancte Augustyn z~Hippony},
  title =	 {Państwo Boże},
  publisher =	 {Wydawnictwo Marek Derewiecki},
  address =	 {Kęty},
  year =	 2015,
}


@book{ SancteHieronimKomEwangeliiWdSwMateusza2008,
  author =	 {Sancte Hieronim},
  title =	 {Komentarz do~Ewangelii według św.~Mateusza},
  publisher =	 {Wydawnictwo WAM},
  address =	 {Kraków},
  year =	 2008,
}


@book{ SancteJanChryzostomHomKsiegaRodzaju2008,
  author =	 {Sancte Jan Chryzostom},
  title =	 {Homilie na~Księgę Rodzaju (seria pierwsza:
		  Rdz~1--3)},
  publisher =	 {Wydawnictwo WAM},
  address =	 {Kraków},
  year =	 2008,
  note =	 {ddd},
}







@Comment #############################################################
V-VI WIEK PO CHRYSTUSIE
@Comment #############################################################



@Comment #############################################################
VI-VII WIEK PO CHRYSTUSIE
@Comment #############################################################


@book{ SancteJanKlimakDrabinaRaju2011,
  author =	 {Sancte Jan Klimak},
  title =	 {Drabina Raju},
  publisher =	 {Wydawnictwo Marek Derewiecki},
  address =	 {Kęty},
  year =	 2011,
  edition =	 {{I}},
  note =	 {Tłum. Waldemar Polanowski i~Ewa Osek},
}







@Comment #############################################################
XI-XII WIEK PO CHRYSTUSIE
@Comment #############################################################


@book{ SancteAnzelmZCanterburyOPraOWolOUpad2011,
  author =	 {Sancte Anzelm z~Canterbury},
  title =	 {O~prawdzie. O~wolności woli. O~upadku woli},
  publisher =	 {Wydawnictwo Marek Derewiecki},
  address =	 {Kęty},
  year =	 2011,
  edition =	 {{I}},
  note =	 {Przełożył, wstępem i~komentarzami opatrzył Andrzej
		  P.~Stefańczyk},
  series =	 {Ad~fontes},
  volume =	 {{XXI}},
}







@Comment #############################################################
XII-XIII wiek po Chrystusie
@Comment #############################################################


@book{ SancteTomaszZAkwinuSumaTeologicznaTomI1960,
  author =	 {Sancte Tomasz z~Akwinu},
  title =	 {Suma Teologiczna. Tom~I},
  publisher =	 {Katolicki Ośrodek Wydawniczy "VERITAS"},
  address =	 {London},
  year =	 1960,
  edition =	 {{I}},
}
@Comment 1960???


@book{ SancteTomaszZAkwinuOKrolowaniu2006,
  author =	 {Sancte Tomasz z~Akwinu},
  title =	 {O~królowaniu --~królowi Cypru},
  publisher =	 {Ośrodek Myśli Politycznej, Wyższa Szkoła Europejska
		  im.~ks.~Józefa Tischnera},
  address =	 {Kraków},
  year =	 2006,
  edition =	 {{I}},
  note =	 {Tłumaczenie i~komentarz Mateusz Matyszkowicz},
  series =	 {Klasyka myśli politycznej},
  volume =	 {{II}},
}







@Comment #############################################################
XIX-XX wiek po Chrystusie
@Comment #############################################################


@book{ SancteTeresaBenOdKrzyzaKobieta1999,
  author =	 {Sancte Edyta Stein, Teresa Benedykt od~Krzyża~OCD},
  title =	 {Kobieta. Jej zadanie według natury i~łaski},
  publisher =	 {Wydawnictwo Diecezji Pelpińskiej ,,Bernardinum''
		  w~Peplinie, w~koedycji z~Instytutem Teologicznym
		  Diecezj Peplińskiej w~Tczewie, Punktem
		  Konsultacyjnym Akademii Teologii Katolickiej
		  w~Warszawie},
  address =	 {Tczew-Peplin},
  year =	 1999,
  edition =	 {II --~poprawione},
  note =	 {Tłum. s.~Janina Immakulata Adamska OCD},
  series =	 {Bibliotek Instytutu Teologicznego},
  volume =	 4,
}







@Comment #############################################################
XX-XXI wiek po Chrystusie
@Comment #############################################################


@book{ SancteJanPawelPamiecITozsamoscII2005,
  author =	 {Sancte Jan Paweł~II},
  title =	 {Pamięć i~tożsamość. Rozmowy na~przełomie tysiącleci},
  publisher =	 {Społeczny Instytut Wydawniczy Znak},
  address =	 {Kraków},
  year =	 2005,
  edition =	 {{I}},
}







@book{ SancteFranciszekSalezyFilotea,
  author =	 {{Sancte Franciszek Salezy}},
  title =	 {{Filotea czyli droga do życia pobożnego}},
  publisher =	 {{Wydawnictwo AA s.c.}},
  address =	 {{Kraków}},
  year =	 {{2001?}},
}







@Comment #############################################################
@Comment #############################################################
@Comment #############################################################
DZIEŁA BŁOGOSŁAWIONYCH
@Comment #############################################################
@Comment #############################################################
@Comment #############################################################



@Comment #############################################################
XVII-XIX wiek po Chrystusie
@Comment #############################################################


@book{ NewmanApologia2009,
  author =	 {Bł. John Henry Newman},
  title =	 {Apologia pro vita sua},
  publisher =	 {Fronda},
  address =	 {Warszawa},
  year =	 2009,
  edition =	 {II poprawione},
  note =	 {Tłum. Stanisław Gąsiorowski},
}







@Comment #############################################################
@Comment #############################################################
@Comment #############################################################
TEOLOGIA
@Comment #############################################################
@Comment #############################################################
@Comment #############################################################



@Comment #############################################################
@Comment #############################################################
TEOLOGIA PO 1914 R.
@Comment #############################################################
@Comment #############################################################


@book{ RedMaczkaUrbanczykTeologiaNauki2015,
  author =	 {Red. Janusz Mączka and Piotr Urbańczyk},
  title =	 {Teologia nauki},
  publisher =	 {Copernicus Center Press},
  address =	 {Kraków},
  year =	 2015,
  edition =	 {{I}}
}







@Comment #############################################################
@Comment #############################################################
TEOLOGIA PO 1914 R.
@Comment #############################################################
@Comment #############################################################




@Comment #############################################################
@Comment #############################################################
TEOLOGIA PO 1945 R.
@Comment #############################################################
@Comment #############################################################


@book{ EdwardsBogEwolucji2016,
  author =	 {Denis Edwards},
  title =	 {Bóg ewolucja. Teologia trynitarna},
  publisher =	 {Copernicus Center Press},
  address =	 {Kraków},
  year =	 2016,
  edition =	 {I},
  series =	 {Nauka i~Religa},
}







@Comment #############################################################
@Comment #############################################################
@Comment #############################################################
ŚWIĘTA LITURGIA
@Comment #############################################################
@Comment #############################################################
@Comment #############################################################


@Comment #############################################################
ŚWIĘTA LITURGIA PO 1962 R.
@Comment #############################################################



@book{ DaviesZniszczenieMszySwietej2016,
  author =	 {Michael Davies},
  title =	 {Zniszczenie Mszy Świętej czyli Godly Order Cranmera},
  publisher =	 {Wydawnictwo ANTYK Marcin Dybowski},
  address =	 {Komorów},
  year =	 2016,
  edition =	 {{I}},
  note =	 {Tłum. anonimowe},
  series =	 {Trylogia Liturgiczna},
  volume =	 {{I}},
}


@book{ DaviesSoborPapiezaJana2011,
  author =	 {Michael Davies},
  title =	 {Sobór Papieża Jana. Rewolucja liturgiczna},
  publisher =	 {Wydawnictwo ANTYK Marcin Dybowski},
  address =	 {Komorów},
  year =	 2011,
  edition =	 {{I}},
}


@book{ DaviesLiturginczeBomby2004,
  author =	 {Michael Davies},
  title =	 {Liturgiczne bomby zegarowe Vaticanum~II. Zniszczenie
		  katolickiej wiary przez zmiany w~katolickim kulcie},
  publisher =	 {Te Deum},
  address =	 {Warszawa},
  year =	 2004,
  edition =	 {{I}},
}







@Comment #############################################################
@Comment #############################################################
@Comment #############################################################
BIOGRAFIE ŚWIĘTYCH
@Comment #############################################################
@Comment #############################################################
@Comment #############################################################


@book{ NowakJanPawelIIKronikaZyciaIPontyfikatu2015,
  author =	 {Andrzej Nowak},
  title =	 {Jan Paweł~II. Kroniki życia i~pontyfikatu},
  publisher =	 {Wydawnictwo Olesiejuk},
  address =	 {Kraków},
  year =	 2015,
  edition =	 {{I}},
}







@Comment #############################################################
@Comment #############################################################
@Comment #############################################################
BIOGRAFIE INNYCH LUDZI WAŻNYCH DLA ŚWIĘTEJ WIARY
@Comment #############################################################
@Comment #############################################################
@Comment #############################################################


@Comment #############################################################
BIOGRAFIE OSÓB ŻYJĄCYCH W PIERWSZYM WIEKU PRZED ORAZ PIERWSZYM
PO CHRYSTUSIE
@Comment #############################################################



@Comment #############################################################
BIOGRAFIE OSÓB ŻYJĄCYCH W II-III WIEKU
@Comment #############################################################


@book{ PietrasOrygenes2001,
  author =	 {Henryk Pietras SJ},
  title =	 {Orygenes},
  publisher =	 {Wydawnictwo WAM},
  address =	 {Kraków},
  year =	 2001,
  edition =	 {{I}},
  series =	 {Wielcy Ludzie Kościoła},
}







@Comment #############################################################
BIOGRAFIE OSÓB ŻYJĄCYCH W XVI-XVII WIEKU
@Comment #############################################################


@book{ KoniorMatteoRicci2013,
  author =	 {Jan Koniro SJ},
  title =	 {Matteo Ricci},
  publisher =	 {Wydawnictwo WAM},
  address =	 {Kraków},
  year =	 2013,
  edition =	 {{I}},
  series =	 {Wielcy Ludzie Kościoła},
}







@Comment #############################################################
BIOGRAFIE OSÓB ŻYJĄCYCH W XIX-XX WIEKU
@Comment #############################################################


@book{ GorczycaEdytaStein2003,
  author =	 {Jakub Gorczyca SJ},
  title =	 {Edyta Stein},
  publisher =	 {Wydawnictwo WAM},
  address =	 {Kraków},
  year =	 2003,
  edition =	 {{I}},
  series =	 {Wielcy Ludzie Kościoła},
}


@book{ KowalczykKarlRahner2001,
  author =	 {Dariusz Kowalczyk SJ},
  title =	 {Karl Rahner},
  publisher =	 {Wydawnictwo WAM},
  address =	 {Kraków},
  year =	 2001,
  edition =	 {{I}},
  series =	 {Wielcy Ludzie Kościoła},
}


@book{ PiotrowskiHansUrsVonBalthasar2005,
  author =	 {Ks.~Eligiusz Piotrowski},
  title =	 {Hans Urs von~Balthasar},
  publisher =	 {Wydawnictwo WAM},
  address =	 {Kraków},
  year =	 2005,
  edition =	 {{I}},
  series =	 {Wielcy Ludzie Kościoła},
}


@book{ WojtowiczHenriDeLubac2004,
  author =	 {Marek Wójtowicz S.J.},
  title =	 {Henri de~Lubac},
  publisher =	 {Wydawnictwo WAM},
  address =	 {Kraków},
  year =	 2004,
  edition =	 {{I}},
  series =	 {Wielcy Ludzie Kościoła},
}







@Comment #############################################################
BIOGRAFIE OSÓB ŻYJĄCYCH W XX-XXI WIEKU
@Comment #############################################################





@Comment #############################################################
@Comment #############################################################
@Comment #############################################################
DZIEŁA O ŻYCIU I MYŚLI WAŻNYCH DLA ŚWIĘTEJ WIARY LUDZIACH
@Comment #############################################################
@Comment #############################################################
@Comment #############################################################



@Comment #############################################################
@Comment #############################################################
DZIEŁA O ŻYCIU I MYŚLI ŚWIĘTYCH
@Comment #############################################################
@Comment #############################################################


@book{ SzukajacPrawdyEdytaSteinWKulturzePolskiej1998,
  author =	 {Red. Anita Czarniecka-Stefańska},
  title =	 {Szukając prawdy. Edyta Stein w~kulturze polskiej},
  publisher =	 {Wydawnictwo Uniwerystetu Wrocławskiego},
  address =	 {Wrocław},
  year =	 1998,
  edition =	 {{I}},
}







@Comment #############################################################
POZOSTALI AUTORZY
@Comment #############################################################


@book{ HealyMezczyzniIKobiety2008,
  author =	 {Mary Healy},
  title =	 {Mężczyźni i~kobiety~są z~raju},
  publisher =	 {Centrum Myśli Jana Pawła~II},
  address =	 {Warszawa},
  year =	 2008,
  edition =	 {{I}},
  note =	 {Tłum. Joanna Jaworska},
}


@book{ KerrKatolicyTeolodzy2011,
  author =	 {F. Kerr OP},
  title =	 {Katolicy teolodzy XX~wieku},
  publisher =	 {Wydawnictwo WAM},
  address =	 {Kraków},
  year =	 2011,
}


@book{ PoslugaMysleniaTomIX2011,
  author =	 {Red. Jarosław Kupczak~OP},
  title =	 {Jan Paweł II. Posługa myślenia},
  publisher =	 {Wydawnictwo Naukowe Uniwersytetu Papieskiego Jana
		  Pawła~II w~Krakowie},
  address =	 {Kraków},
  year =	 2011,
  edition =	 {{I}},
  series =	 {Studia nad myślą Jana Pawła~II},
  volume =	 9,
}


@book{ SchumacherKobietyWChrystusie2008,
  author =	 {Red. Michele M. Schumacher},
  title =	 {Kobiety w~Chrystusie. W~stronę nowego feminizmu},
  publisher =	 {Centrum Myśli Jana Pawła~II},
  address =	 {{Warszawa}},
  year =	 2008,
  edition =	 {{I}},
  note =	 {Tłum. Michał Romek},
}


@book{ SeewaldBenedyktXVI2016,
  author =	 {Peter Seewald},
  title =	 {Benedykt XVI. Ostatnie rozmowy},
  publisher =	 {Dom Wydawniczy RAFAEL},
  address =	 {Kraków},
  year =	 2016,
  edition =	 {{I}},
}


@book{ PajbanAnatomiaKonfliktu2016,
  author =	 {Ks.~Tadeusz Pabjan},
  title =	 {Anatomia konfliktu. Między nowym ateizmem a~teologią
		  nauki},
  publisher =	 {Copernicus Center Press Sp.~z~o.o.},
  address =	 {Kraków},
  year =	 2016,
  edition =	 {{I}},
}


@book{ RowlandWiaraRatzingera2010,
  author =	 {Tracy Rowland},
  title =	 {Wiara Ratzinger, teologia Benedykta XVI},
  publisher =	 {Wydawnictwo WAM},
  address =	 {Kraków},
  year =	 2010,
  edition =	 {{I}},
}


@book{ VillaCongar2013A,
  author =	 "Ks. dr L. Villa",
  title =	 {{Yves Congar}},
  publisher =	 "Wydawnictwo ANTYK Marcin Dybowski",
  address =	 "Komorów",
  year =	 2013,
  edition =	 {{}},
  series =	 "Rewolucjoniści czasu apokalipsy",
}


@book{ VillaRahner2013B,
  author =	 "Ks. dr L. Villa",
  title =	 {Karl Rahner},
  publisher =	 "Wydawnictwo ANTYK Marcin Dybowski",
  address =	 "Komorów",
  year =	 2013,
  edition =	 {{}},
  series =	 "Rewolucjoniści czasu apokalipsy",
}







@Comment #############################################################
@Comment #############################################################
FILOZOFIA, ANALIZY I REFLEKSJE NAD ŚWIĘTĄ WIARĄ PO 1945 R.
@Comment #############################################################
@Comment #############################################################


@book{ AmerioIotaUnum,
  author =	 {Romano Amerio},
  title =	 {Iota Unum. Analiza zmian w~Kościele Katolickim},
  publisher =	 {Wydawnictwo Antyk Marcin Dybowski},
  address =	 {Komorów},
  year =	 {Brak daty},
  note =	 {Tłum. anonimowe},
}


@book{ DaviesSoborAWolnoscReligina2002,
  author =	 {Michael Davies},
  title =	 {Sobór Watykański~II a~wolność religijna},
  publisher =	 {Te Deum},
  address =	 {Warszawa},
  year =	 2002,
  edition =	 {{I}},
}


@book{ GuardiniKoniecCzasowEtc1969,
  author =	 {Romano Guardini},
  title =	 {Koniec czasów nowożytnych. Świat i~osoba. Wolność,
		  łaska, los},
  publisher =	 {Wydawnictwo ZNAK},
  address =	 {Kraków},
  year =	 1969,
  edition =	 {{I}},
  note =	 {Tłum. Zofia Włodkowa, Maria Turowicz, Janusz
		  Bronowicz},
}


@book{ HildebrandKonTrojanski2006,
  author =	 {Dietrich von~Hildebrand},
  title =	 {Koń trojański w~Mieście Boga},
  publisher =	 {Fronda PL Sp. z~o.o., Apostolicum},
  address =	 {Warszawa --~Ząbki},
  year =	 2006,
  edition =	 {{II}},
  note =	 {Tłum. Jerzy Wocial},
  series =	 {Fides \&~Ratio},
}


@book{ HildebrandSpustoszonaWinnica2006,
  author =	 {Dietrich von~Hildebrand},
  title =	 {Spustoszona winnica},
  publisher =	 {Fronda PL Sp. z~o.o., Apostolicum},
  address =	 {Warszawa --~Ząbki},
  year =	 2006,
  edition =	 {{II}},
  note =	 {Tłum. Tomasz G.~Pszczółkowski},
  series =	 {Fides \&~Ratio},
}







@Comment #############################################################
@Comment #############################################################
@Comment #############################################################
O BIBLII
@Comment #############################################################
@Comment #############################################################
@Comment #############################################################



@book{ LifschitzStanSieSwiatlo2008,
  author =	 {Daniel Lifschitz},
  title =	 {Stań~się światło! Hagad do~rozdziału pierwszego
		  Księgi Rodzaju},
  publisher =	 {Wydawnictwo AA --~Fronda},
  address =	 {Kraków --~Warszawa},
  year =	 2008,
  edition =	 {{I}},
  note =	 {Tłum. Barbara Żurowska},
}







@Comment ###############################
DZIEŁA DYSKUSYJNEJ JAKOŚCI
@Comment ###############################


@book{ SpiewakPiecKsiagTory2012,
  author =	 {Paweł Śpiewak},
  title =	 {Pięć ksiąg Tory. Komentarze},
  publisher =	 {Wydawnictwo Uniwersytetu Warszawskiego},
  address =	 {Warszawa},
  year =	 2012,
  edition =	 {{I}},
}


@book{ KiznerZglebiajacWlasnaTajemnice2017,
  author =	 {Mark S.~Kinzer},
  title =	 {Zgłębiając własną tajemnicę. Kościół w~żydowskiej
		  myśli mesjańskiej},
  publisher =	 {Bratni Zew Wydawnictwo Franciszkanów},
  address =	 {Kraków},
  year =	 2017,
  edition =	 {{I}},
  series =	 {Sapientia},
  note =	 {Tłum. Monika Bartoski},
}







@Comment #############################################################
@Comment #############################################################
@Comment #############################################################
DZIEŁA PODEJRZANE
@Comment #############################################################
@Comment #############################################################
@Comment #############################################################



@Comment #############################################################
@Comment #############################################################
FILOZOFIA, ANALIZY I REFLEKSJE NAD ŚWIĘTĄ WIARĄ PO 1945 R.
@Comment #############################################################
@Comment #############################################################


@book{ MaritainWiesniakZnadGaronny2017,
  author =	 {Jacques Maritain},
  title =	 {Wieśniak znad Garonny. Stary świecki chrześcijanin
                  snuje refleksje \emph{\`{a}~propos} czasów
                  współczesnych},
  publisher =	 {W~drodze sp. z~o.o.},
  address =	 {Poznań},
  year =	 2017,
  edition =	 {{I}},
  note =	 {Tłum. Arkadiusz Ziernicki},
}







@Comment #############################################################
@Comment #############################################################
@Comment #############################################################
HISTORIA ŚWIĘTEJ WIARY
@Comment #############################################################
@Comment #############################################################
@Comment #############################################################



@Comment #############################################################
@Comment #############################################################
SYNTEZY HISTORII ŚWIĘTEJ WIARY
@Comment #############################################################
@Comment #############################################################


@book{ CarrollHistoriaChrzecijanstwaTomI2009,
  author =	 {Warren H. Carroll},
  title =	 {Historia Chrześcijaństwa. Tom~I: Narodziny
		  Chrześcijaństwa},
  publisher =	 {Wydawnictwo Wektory},
  address =	 {Bielany Wrocławskie},
  year =	 2009,
  edition =	 {{I}},
  note =	 {Tłum. Jerzy Morka},
}


@book{ CarrollHistoriaChrzecijanstwaTomII2010,
  author =	 "Warren H. Carroll",
  title =	 {{Historia Chrześcijaństwa. Tom~II: Budowanie
		  Chrześcijaństwa}},
  publisher =	 {{Wydawnictwo Wektory}},
  address =	 {{Bielany Wrocławskie}},
  year =	 2010,
  edition =	 {{I}},
  note =	 {{Tłum. Jan Przybył}},
}


@book{ CarrollHistoriaChrzecijanstwaTomIII2010,
  author =	 "Warren H. Carroll",
  title =	 {{Historia Chrześcijaństwa. Tom~III: Złota Epoka
		  Chrześcijaństwa}},
  publisher =	 {{Wydawnictwo Wektory}},
  address =	 {{Bielany Wrocławskie}},
  year =	 2010,
  edition =	 {{I}},
  note =	 {{Tłum. Jerzy Morka}},
}


@book{ CarrollHistoriaChrzecijanstwaTomIV2011,
  author =	 "Warren H. Carroll",
  title =	 {{Historia Chrześcijaństwa. Tom~IV: Podział
		  Chrześcijaństwa}},
  publisher =	 {{Wydawnictwo Wektory}},
  address =	 {{Bielany Wrocławskie}},
  year =	 2011,
  edition =	 {{I}},
  note =	 {{Tłum. Jerzy Morka}},
}


@book{ CarrollsHistoriaChrzecijanstwaTomVI2014,
  author =	 {Warren H. Carroll and Anne W. Carroll},
  title =	 {Historia Chrześcijaństwa. Tom~VI: Kryzys
		  Chrześcijaństwa},
  publisher =	 {Wydawnictwo Wektory},
  address =	 {Bielany Wrocławskie},
  year =	 2014,
  edition =	 {{I}},
  note =	 {Tłum. Jerzy Morka},
}


@Comment Łukasz Czarnecki, ale BibTeX się burzy na Ł
@book{ CzarneckiKonstantynopol626Wyd2017,
  author =	 {{\L}ukasz Czarnecki},
  title =	 {Konstantynopol~626},
  publisher =	 {Bellona},
  address =	 {Warszawa},
  year =	 2017,
  edition =	 {{I}},
}


@book{ KumorHistoriaKosciolaTomI2003,
  author =	 {Ks. Bolesław Kumor},
  title =	 {Historia Kościoła. Tom~I: Starożytność
		  chrześcijaństwa},
  publisher =	 {Wydawnictwo KUL},
  address =	 {Lublin},
  year =	 2003,
  edition =	 {{II}},
}










@Comment #############################################################
@Comment #############################################################
PIERWSZY WIEK PRZED I PIERWSZY PO CHRYSTUSIE
@Comment #############################################################
@Comment #############################################################


@book{ RoszkowskiSwiatChrystusTomI2016,
  author =	 {Wojciech Roszkowski},
  title =	 {Świat Chrystusa. Tom~I},
  publisher =	 {Wydawnictwo Biały Kruk},
  address =	 {Kraków},
  year =	 2016,
  edition =	 {{I}},
}










@Comment ??????????????????????????????


@book{ GuerrieroImpagliazzoNajnowszaHistoriaKosciola2006,
  author =	 "Red. E. Guerriero and M. Impagliazzo",
  title =	 {{Najnowsza historia Kościoła. Katolicy i~kościoły
		  chrześcijańskie w~czasie pontyfikatu Jana Pawła~II
		  (1978--2005)}},
  publisher =	 {{Wydawnictwo M}},
  address =	 {{Kraków}},
  year =	 2006,
  edition =	 {{I}},
}


@book{ WiltgenRenWpadaDoTybru2010,
  author =	 "Ralph W. Wiltgen",
  title =	 {{Ren wpada do Tybru. Historia Soboru
		  Watykańskiego~II}},
  publisher =	 {{Wydawnictwo AA s.c.}},
  address =	 {{Dębogóra}},
  year =	 2010,
  edition =	 {{I}},
}



@Comment #############################################################
HISTORIA ŚWIĘTEJ WIARY W POLSCE
@Comment #############################################################


@book{ ButterwickPolskaRewolucjaAKosciolKatolicki2012,
  author =	 {Richard Butterwick},
  title =	 {Polska Rewolucja a~Kościół Katolicki 1788--1792},
  publisher =	 {Wydawnictwo ARCANA},
  address =	 {Kraków},
  year =	 2012,
  edition =	 {{I}},
}


@book{ OzogKoronaIKrzyz2012,
  author =	 {Krzysztof Ożóg},
  title =	 {Korona i~Krzyż. Czasy Piastów i~Jagiellonów},
  publisher =	 {Wydawnictwo Biały Kruk},
  address =	 {Kraków},
  year =	 2012,
  edition =	 {{I}},
  series =	 {Kościół na~straży polskiej wolności},
  volume =	 {{I}},
}





@Comment #############################################################
@Comment #############################################################
@Comment #############################################################
ŚWIĘTA WIARA I FILOZOFIA
@Comment #############################################################
@Comment #############################################################
@Comment #############################################################



@Comment #############################################################
DZIEŁA BLIŻSZE BOGU
@Comment #############################################################


@book{ MaritainTrzejReformatorzy2005,
  author =	 {Jacques Maritain},
  title =	 {Trzej reformatorzy. Luter, Kartezjusz, Rousseau},
  publisher =	 {FRONDA~PL sp.~z~o.o., Apostolicum},
  address =	 {Warszawa --~Ząbki},
  year =	 2005,
  edition =	 {II --~Poprawione},
  note =	 {Tłum. Ks.~Konstanty Michalski},
}







@Comment #############################################################
DZIEŁA OBOJĘTNE I WROGIE BOGU
@Comment #############################################################


@book{ HerbichPragnienieKrolestwa2018,
  author =	 {Tomasz Herbich},
  title =	 {Pragnienie królestwa. August Cieszkowski, Mikołaj
		  Bierdiajew i~dwa oblicza mesjanizmu},
  publisher =	 {Teologia Polityczna},
  address =	 {Warszawa},
  year =	 2018,
  edition =	 {{I}},
}


@book{ KarlowiczSokratesIInniSwieci2005,
  author =	 {Dariusz Karłowicz},
  title =	 {Sokrates i~inni święci. O~postawie starożytnych
		  chrześcijan wobec rozumu i~filozofii},
  publisher =	 {Fronda, Ośrodek Myśli Politycznej},
  address =	 {Warszawa},
  year =	 2005,
  edition =	 {{I}},
}







@Comment #############################################################
@Comment #############################################################
@Comment #############################################################
ŚWIĘTA WIARA I RÓŻNE ZAGADNIENIA
@Comment #############################################################
@Comment #############################################################
@Comment #############################################################


@Comment #############################################################
ANALIZY HISTORYCZNE
@Comment #############################################################


@book{ McMullinEwolucjaIStworzenie2014,
  author =	 {Ernan McMullin},
  title =	 {Ewolucja i~stworzenie},
  publisher =	 {Copernicus Center Press},
  address =	 {Kraków},
  year =	 2014,
  edition =	 {{IV --~poprawione}},
  series =	 {Naukia i~Religa},
}








@Comment #############################################################
@Comment #############################################################
@Comment #############################################################
FILOZOFIA
@Comment #############################################################
@Comment #############################################################
@Comment #############################################################



@Comment #############################################################
@Comment #############################################################
FILOZOFOWIE
@Comment #############################################################
@Comment #############################################################


@Comment #############################################################
WIELCY FILOZOFOWIE
@Comment #############################################################


@book{ ArytotelesRetorykaRetorykaAleksandraPoetyka2004,
  author =	 {Arystoteles},
  title =	 {Retoryka. Retoryka dla Aleksandra. Poetyka},
  publisher =	 {Wydawnictwo Naukowe~PWN},
  address =	 {Warszawa},
  year =	 2004,
  edition =	 {{}},
}


@book{ LaoziKsiegaDaoIDe2006,
  author =	 "Laozi",
  title =	 {{Księga dao i~de z~komentarzami Wang Bi}},
  publisher =	 {{Wydawnictwo Uniwersytetu Jagiellońskiego}},
  address =	 {{Kraków}},
  year =	 2006,
  edition =	 {{I}},
}


@book{ PlatonLachesProtagoras2002,
  author =	 "Platon",
  title =	 {{Laches, Protagoras}},
  publisher =	 {{Wydawnictwo ANTYK}},
  address =	 {{Kęty}},
  year =	 2002,
  edition =	 {{I}},
}


@book{ PlatonLachesProtagoras2002,
  author =	 "Platon",
  title =	 {{Laches, Protagoras}},
  publisher =	 {{Wydawnictwo ANTYK}},
  address =	 {{Kęty}},
  year =	 2002,
  edition =	 {{I}},
}





@Comment #############################################################
ERIC VOEGELIN
@Comment #############################################################


@book{ VoegelinNowaNaukaPolityki1992,
  author =	 {Eric Voegelin},
  title =	 {Nowa nauka polityki},
  publisher =	 {Fundacja ,,Aletheia''},
  address =	 {Warszawa},
  year =	 1992,
  edition =	 {{I}},
}


@book{ VoegelinIzraelIObjawienie2014,
  author =	 {Eric Voegelin},
  title =	 {Izrael i~Objawienie},
  publisher =	 {Teologia Polityczna},
  address =	 {Warszawa},
  year =	 2014,
  edition =	 {{I}},
  seriess =	 {Ład i~Historia},
  volume =	 {{I}},
}







@Comment #############################################################
@Comment #############################################################
FILOZOFIA ANALITYCZNA
@Comment #############################################################
@Comment #############################################################


@book{ AnscombeGeachTrzejFilozofowie1981,
  author =	 {Gertrud Elisabeth M. Anscombe and Peter Thomas Geach},
  title =	 {Trzej filozofowie},
  publisher =	 {Wydawnictwo PAX},
  address =	 {Warszawa},
  year =	 1981,
  edition =	 {{I}},
  note =	 {Tłum. Bohdan Chwedeńczuk},
}


@book{ GeachDoCzegoOdnoszaSieWyrazeniaOgolne2006,
  author =	 {Piotr Tomasz Geach},
  title =	 {Do~czego odnoszą~się wyrażenia ogólne? },
  publisher =	 {Wydawnictwo Naukowe Semper},
  address =	 {Warszawa},
  year =	 2006,
  edition =	 {{I}},
  note =	 {Tłum. Joanna Odrowąż-Sypniewska},
}







@Comment #############################################################
WAŻNI FILOZOFOWIE
@Comment #############################################################









@Comment ###############################
FILOZOFIA I RELIGIE
@Comment ###############################


@book{ BraguePrawoBoga2014,
  author =	 {R{\'{e}}mi Brague},
  title =	 {Prawo Boga. Filozoficzna historia przymierza},
  publisher =	 {Teologia Polityczna},
  address =	 {Warszawa},
  year =	 2014,
  edition =	 {{I}},
}






@Comment #############################################################
RÓŻNE DZIEŁA FILOZOFICZNE
@Comment #############################################################


@book{ JedynakUZrodelFilozofii1981,
  author =	 {Stanisław Jedynak},
  title =	 {U~źródeł filozofii. Egipt, Babilon, Indie, Chiny,
		  Grecja},
  publisher =	 {Nasza Księgarnia},
  address =	 {Warszawa},
  year =	 1981,
  edition =	 {{I}},
}


@book{ PlessnerSmiechIPlacz2004,
  author =	 {Helmuth Plessner},
  title =	 {Śmiech i~płacz. Badania nad~granicami ludzkiego
		  zachowania},
  publisher =	 {Wydawnictwo Antyk},
  address =	 {Kęty},
  year =	 2004,
  edition =	 {{I}},
  note =	 {Przełożyli i~opracowali Agata Zwolińska, Zbigniew
		  Nerczuk},
  series =	 {FUNDAMENTA. Studia z~historii filozofii},
  volume =	 {{XXXV}},
}


@book{ TaylorEtykaAutentycznosci2002,
  author =	 {Charles Taylor},
  title =	 {Etyka Autentyczności},
  publisher =	 {Wydawnictwo Znak},
  address =	 {Kraków},
  year =	 2002,
  edition =	 {{I}},
}





@Comment #############################################################
ETYKA
@Comment #############################################################


@book{ MacIntyreDziedzictwoCnoty1996,
  author =	 {Alasdair MacIntyre},
  title =	 {Dziedzictwo cnoty},
  publisher =	 {Wydawnictwo Naukowe~PWN},
  address =	 {Warszawa},
  year =	 1996,
  edition =	 {{I}},
  series =	 {Biblioteka Współczesnych Filozofów},
}







@Comment #############################################################
ESTETYKA I FILOZOFIA SZTUKI
@Comment #############################################################


@book{ DeleuzeKino2008,
  author =	 {Gilles Deleuze},
  title =	 {Kino. 1. Obraz-ruch. 2. Obraz-czas},
  publisher =	 {słowo/obraz terytoria},
  address =	 {Gdańsk},
  year =	 2008,
  edition =	 {{I}},
  series =	 {Klasyka Światowej Humanistyki},
}







@Comment #############################################################
@Comment #############################################################
FILOZOFIA, POLITYKA I HISTORIA
@Comment #############################################################
@Comment #############################################################


@book{ ColeridgeOKonstytucjiKosciolaIPanstwa2017,
  author =	 {Samuel Taylor Coleridge},
  title =	 {O konstytucji Kościoła i~państwa. Wybór pism},
  publisher =	 {Ośrodek Myśli Politycznej},
  address =	 {Kraków},
  year =	 2017,
  edition =	 {{I}},
  series =	 {Biblioteka Myśli Politycznej},
  volume =	 122,
  note =	 {Tłum. Jakub Czernik},
}


@book{ MeierPowstaniePolitycznosciUGrekow2012,
  author =	 {Christian Meier},
  title =	 {Powstanie polityczności u~Greków},
  publisher =	 {Teologia Polityczna},
  address =	 {Warszawa},
  year =	 2012,
  edition =	 {{I}},
  series =	 {Biblioteka Teologi Politycznej},
  volume =	 7,
  note =	 {Tłum. Marek A.~Cichocki},
}


@book{ PatriotyzmPolakow2006,
  author =	 {Red.~Jacek Kloczkowski},
  title =	 {Patriotyzm Polaków. Studia z~historii idei},
  publisher =	 {Ośrodek Myśli Politycznej, Wyższa Szkoła Europejska
		  im.~ks.~J.~Tischnera},
  address =	 {Kraków},
  year =	 2006,
  edition =	 {{I}},
  series =	 {Polskie Tradycje Intelektualne},
  volume =	 {{I}},
}







@Comment #############################################################
@Comment #############################################################
FILOZOFIA, MYŚL, POLITYKA I KULTURA IZRAELA
@Comment #############################################################
@Comment #############################################################



@Comment #############################################################
FILOZOFIA, POLITYKA I KULTURA IZRAELA PO 1933 R.
@Comment #############################################################


@book{ ZertalNarodISmierc,
  author =	 {Idith Zetal},
  title =	 {Naród i~śmierć. Zagłada w~dyskursie i~polityce
		  Izraela},
  publisher =	 {Univeristas},
  address =	 {Kraków},
  year =	 2010,
  edition =	 {{I}},
  note =	 {Tłum. Jan Maria Kłoczowski},
  series =	 {Poleca Adam Michnik},
}







@Comment #############################################################
ANALIZY FILOZOFII I KULTUR
@Comment #############################################################


@book{ BlockerStarlingFilozofiaJaponska2008,
  author =	 {Blocek, H. Gene and Straling, Christopher L.},
  title =	 {Filozofia japońska},
  publisher =	 {Wydawnictwo Uniwersytetu Jagiellońskiego},
  address =	 {Kraków},
  year =	 2008,
  edition =	 {{I}},
  series =	 {Ex Oriente},
  note =	 {Tłum. Natalia Szuster},
}


@book{ CoplestonFilozofieIKultury1986,
  author =	 {Frederick Copleston S.J.},
  title =	 {Filozofie i~kultur},
  publisher =	 {Instytut Wydawniczy PAX},
  address =	 {Warszawa},
  year =	 1986,
  edition =	 {{I}},
}


@book{ KoselleckKrytykaIKryzys2015,
  author =	 {Reinhart Koselleck},
  title =	 {Krytyka i~kryzys. Studium patogenezy świata
		  mieszczańskiego},
  publisher =	 {Res Publica Nowa},
  address =	 {Warszawa},
  year =	 2015,
  edition =	 {{I}},
  seriess =	 {Bibliotek Res Publiki Nowej},
  note =	 {Przekład, wstęp i~opracowanie: Jakub Duraj, Marcin
		  Moskalewicz},
}


@book{ MaritainRefleksjeOAmeryce2018,
  author =	 {Jacques Maritain},
  title =	 {Reflekcje o~Ameryce},
  publisher =	 {Wydawnictwo Naukowe Uniwerystetu Kardynała Stefana
		  Wyszyńskiego},
  address =	 {Warszawa},
  year =	 2018,
  edition =	 {{I}},
  note =	 {Przełożył i~opracował Dariusz Góra-Szopińska},
}


@book{ NakamuraSystemyMysleniaLudowWschodu2005,
  author =	 {Hajime Nakamura},
  title =	 {Systemy myślenia ludów Wschodu. Indie, Chiny, Tybet,
		  Japonia},
  publisher =	 {Wydawnictwo Uniwersytetu Jagiellońskiego},
  address =	 {Kraków},
  year =	 2005,
  edition =	 {{I}},
  note =	 {Pod redakcją Philipa P.~Wienera. Tłum.~Maciej
		  Kanert, Wisława Szkudlarczyk-Brkić},
  series =	 {Ex Oriente},
}


@book{ ScrutonIntelektualisciNowejLewicy1999,
  author =	 {Roger Scruton},
  title =	 {Intelektualiści nowej lewicy},
  publisher =	 {Zysk i~S-ka},
  address =	 {Poznań},
  year =	 1999,
  edition =	 {{II}},
  note =	 {Tłum. Teresa Pisarek},
}







@Comment #############################################################
HISTORIA FILOZOFII
@Comment #############################################################


@book{ CoplestonHistoriaFilozofiiTomI2004,
  author =	 {Frederick Copleston S.J.},
  title =	 {Historia filozofii. Tom~I: Grecja i~Rzym},
  publisher =	 {Instytut Wydawniczy PAX},
  address =	 {Warszawa},
  year =	 2004,
  edition =	 {{II}},
  volume =	 {{I}},
}


@book{ KolakowskiFilozofiaPozytywistyczna2009,
  author =	 {Leszek Kołakowski},
  title =	 {Filozofia pozytywistyczna},
  publisher =	 {Wydawnictwo Naukowe~PWN},
  address =	 {Warszawa},
  year =	 2009,
  edition =	 {{IV}},
}


@book{ KolakowskiOCoNasPytajaTomI2004,
  author =	 {Leszek Kołakowski},
  title =	 {O co nas pytają wielcy filozofowie. Seria~I},
  publisher =	 {Wydawnictwo Znak},
  address =	 {Kraków},
  year =	 2004,
  edition =	 {{I}},
}


@book{ KolakowskiOCoNasPytajaTomII2005,
  author =	 {Leszek Kołakowski},
  title =	 {O~co nas pytają wielcy filozofowie. Seria~II},
  publisher =	 {Wydawnictwo Znak},
  address =	 {Kraków},
  year =	 2005,
  edition =	 {{I}},
}


@book{ KolakowskiOCoNasPytajaTomIII2008,
  author =	 {Leszek Kołakowski},
  title =	 {O~co nas pytają wielcy filozofowie. Seria~III},
  publisher =	 {Wydawnictwo Znak},
  address =	 {Kraków},
  year =	 2008,
  edition =	 {I --~dodruk},
}


@book{ TatarkiewiczHistoriaFilozofiiTomIII2005,
  author =	 {Władysław Tatarkiewicz},
  title =	 {Historia filozofii. Tom~III: Filozofia XIX wieku
		  i~współczesna},
  publisher =	 {Wydawnictwo Naukowe~PWN},
  address =	 {Warszawa},
  year =	 2005,
  edition =	 {{XIX}},
  volume =	 {{III}},
}







@Comment ###############################
FILOZOFIA I NAUKA ORAZ FILOZOFUJĄCY NAUKOWCY
@Comment ###############################


@book{ HellerZycinskiMaszynaCzyMysl1988,
  author =	 {Heller, Michał and Życiński, Józef},
  title =	 {Wszechświat --~maszyna czy~myśl?},
  publisher =	 {Polskie Towarzystwo Teologiczne},
  address =	 {Kraków},
  year =	 1988,
  edition =	 {{I}},
}


@book{ LukasiewiczLogikaIMetafizyka1998,
  author =	 {Jan Łukasiewicz},
  title =	 {Logika i~metafizyka. Miscellanea},
  publisher =	 {Wydział Filozofii i~Socjologii Uniwersytetu
		  Warszawskiego},
  address =	 {Warszawa},
  year =	 1998,
  edition =	 {{I}},
  note =	 {Pod~redakcją Jacka Juliusza Jadackiego},
}


@book{ MurawskiFilozofiaMatematykiZarysDziejow1995,
  author =	 {Robert Murawski},
  title =	 {Filozofia matematyki. Zarys dziejów},
  publisher =	 {Wydawnictwo Naukowe~PWN},
  address =	 {Warszawa},
  year =	 1995,
  edition =	 {{I}},
}


@book{ PenroseModaWiaraIFantazja2017,
  author =	 {Roger Penrose},
  title =	 {Moda, wiara i~fantazja w~nowej fizyce
		  Wszechświata},
  publisher =	 {Copernicus Center Press},
  address =	 {Kraków},
  year =	 2017,
  edition =	 {{I}},
  note =	 {Tłum. Łukasz Łamża i~Tomasz Miller},
}


@book{ WhiteheadNaukaISwiatNowozytny1987,
  author =	 {Alfred North Whitehead},
  title =	 {Nauka i~świat nowożytny},
  publisher =	 {Wydawnictwo ZNAK},
  address =	 {Kraków},
  year =	 1987,
  edition =	 {{I}},
}







@Comment #############################################################
FILOZOFIA I NAUKA ORAZ FILOZOFUJĄCY NAUKOWCY
@Comment #############################################################


@book{ FalkowskiOMaszynachTomI2014,
  author =	 {Mateusz Falkowski},
  title =	 {O~maszynach. Tom 1: Wiek XVII a~filozofia
		  techniczna},
  publisher =	 {Wydawnictwo Naukowe PWN},
  address =	 {Warszawa},
  year =	 2014,
  edition =	 {{I}},
}







@Comment #############################################################
FILOZOFIA WRAZ Z INNYMI NAUKAMI
@Comment #############################################################





@Comment #############################################################
@Comment #############################################################
@Comment #############################################################
ANALIZY ŚWIĘTEJ WIARY, RELIGII I KULTUR
@Comment #############################################################
@Comment #############################################################
@Comment #############################################################


@book{ RedKrzywdzinskaPolskaRosjaReligiaKultura2016,
  author =	 {Red. Agata Krzywdzińska},
  title =	 {Polska--Rosja. W~sferze kultury i~religii. Wybrane
		  problemy},
  publisher =	 {Wydawnictwo Uniwersytetu Jagiellońskiego},
  address =	 {Kraków},
  year =	 2016,
  edition =	 {{I}}
}















@book{ KrasnodebskiPostrmodernistyczneRozterkiKultury1996,
  author =	 "Zdzisław Krasnodębski",
  title =	 {{Postmodernistyczne rozterki kultury}},
  publisher =	 {{Oficyna Naukowa}},
  address =	 {{Warszawa}},
  year =	 1996,
  edition =	 {{I}},
  series =	 {{Terminus}},
  volume =	 {{8}},
}

@book{ KrasnodebskiDrzemkaRozsadnych2006,
  author =	 "Zdzisław Krasnodębski",
  title =	 {{Drzemka rozsądnych. Zebrane eseje i~szkice}},
  publisher =	 {{Ośrodek Myśli Politycznej. Wyższa Szkoła Europejska
                  im.~ks.~Józefa Tischnera.}},
  address =	 "Kraków",
  year =	 2006,
  edition =	 {{I}},
  series =	 {{Biblioteka Myśli Politycznej}},
  volume =	 {{47}},
}

@book{ KrasnodebskiWiekszegoCuduNieBedzie2011,
  author =	 "Zdzisław Krasnodębski",
  title =	 {{Większego cudu nie będzie. Zebrane eseje
		  i~szkice~IV}},
  publisher =	 {{Ośrodek Myśli Politycznej}},
  address =	 {{Kraków}},
  year =	 2011,
  edition =	 {{I}},
}

@book{ KrasnodebskiZwyciezcaPoPrzejsciach2012,
  author =	 "Zdzisław Krasnodębski",
  title =	 {{Zwycięzca po przejściach: zebrane eseje
		  i~szkice~V}},
  publisher =	 {{Ośrodek Myśli Politycznej}},
  address =	 {{Kraków}},
  year =	 2012,
  edition =	 {{I}},
}

@book{ LewisOdrzuconyObraz2008,
  author =	 "Clive Staples Lewis",
  title =	 {{Odrzucony obraz. Wprowadzenie do~literatury
		  średniowiecznej i~renesansowej}},
  publisher =	 {{Wydawnictwo ZNAK}},
  address =	 {{Kraków}},
  year =	 2008,
  edition =	 {{II}},
}

@book{ SokalBricmontModneBzdury04,
  author =	 "Alan Sokal and Jean Bricmont",
  title =	 {{Modne bzdury. O~nadużywaniu pojęć z~zakresu nauk
		  ścisłych przez postmodernistycznych
		  intelektualistów}},
  publisher =	 "Prószyński i~S\dywiz ka",
  year =	 2004,
  address =	 "Warszawa",
  edition =	 {{II?}},
}



@Comment @book{ ThornHillaryIBillClintonowieTomI16,
@Comment   author =	 "Victor Thorn",
@Comment   title =	 {{Tomasz Mann. Dzieje rozwoju osobowości twórczej}},
@Comment   publisher =	 {{Instytut Wydawniczy PAX}},
@Comment   address =	 "Warszawa",
@Comment   edition =	 {{I}},
@Comment   year =	 1975,
@Comment }

@book{ HahnWDomuNajlepiej09,
  author =	 "Scott Hahn and Kimberly Hahn",
  title =	 {{W~domu najlepiej. Nasza droga do Kościoła
		  katolickiego}},
  publisher =	 {{Wydawnictwo Księży Marianów MIC}},
  address =	 {{Warszawa}},
  year =	 2009,
  edition =	 {{II}},
}

@book{ InterdyscyplinarneGenezaKapitalizmuTomI89,
  author =	 "Redaktorzy naukowi tomu: Adam Czarnota, Kazimierz
		  Wajda, Andrzej Zybertowicz",
  title =	 {{Interdyscyplinarne studia nad genezą kapitalizmu.
		  Tom I. Interpretacje: prezentacje i~krytyka}},
  publisher =	 {{Uniwersytet Mikołaja Kopernika w~Trouniu}},
  address =	 {{Toruń}},
  year =	 {{1989}},
  edition =	 {{I}},
  series =	 {{Acta Universitatis Nicolai Copernici}},
}


@article{ WalczakCzyMozliwaJest16,
  author =	 "Monika Walczak",
  title =	 {{Czy~możliwa jest wiedza interdyscyplinarna?}},
  journal =	 {{Zagadnienie naukoznawstwa. Kwartalnik}},
  volume =	 {{LII~zeszyt 1~(207)}},
  pages =	 {{113--126}},
  year =	 2016,
}