@Comment #############################################################
@Comment #############################################################
@Comment History, online resources
@Comment #############################################################
@Comment #############################################################



@Comment #############################################################
@Comment Biographies
@Comment #############################################################


@article{ ,
  author =	 {J.M. Ball and R.D. James},
  title =	 {The~Scientifi Life and Influence~of Clifford Ambrose
                  Truesdell~III},
  journal =	 {Arch. Rational Mech. Anal.},
  year =	 2002,
  volume =	 161,
  pages =	 {1--26},
  doi =		 {10.1007/s002050100178},
}










@Comment #############################################################
@Comment History of Japan
@Comment #############################################################


@online{ Bovbjerg-Japanese-history-The-standard-narrative-Ver-2013,
  author =	 {Christoffer Bovbjerg},
  title =	 {Japanese history: The standard narrative},
  url =		 {https://www.youtube.com/watch?v=7OwdCc81zHo},
  urldate =	 {20-VII-2024},
}



@online{ Leupp-Bad-monks-temple-warriors-ETC-Ver-2013,
  author =	 {Gary Leupp},
  title =	 {Bad monks, temple warriors: The spectrum~of Japanese
                  religious history},
  url =		 {https://www.youtube.com/watch?v=1iSd6CkEoAU},
  urldate =	 {20-VII-2024},
}








@Comment #############################################################
@Comment History of Poland
@Comment #############################################################


@Comment ###############################
@Comment
@Comment ###############################


@article{
  author =	 {Izabela Lewandowska-Malec},
  title =	 {Artykuł recenzyjny książki Jana Sowy
                  \textit{Fantomowe ciało króla. Peryferyjne zmagania
                  z~nowoczesną formą}, Universitas, Kraków 2012},
  journal =	 {Krakowskie Studia z~Historii Państwa i~Prawa},
  year =	 2013,
  volume =	 6,
  number =	 3,
  pages =	 {285--301},
  doi =		 {10.4467/20844131KS.13.018.1612},
  url =
                  {http://www.ejournals.eu/Krakowskie-Studia-z-Historii-Panstwa-i-Prawa/},
}







@Comment ###############################
@Comment
@Comment ###############################


@article{ ,
  author =	 {Michał Przeperski},
  title =	 {Anatomia kreacji. Przypadek \textit{Dzienników
                  politycznych} Mieczysława Rakowskiego},
  journal =	 {Polska 1944/45-1989. Studia i~materiały},
  year =	 2020,
  volume =	 {XVII},
  pages =	 {223--254},
}










@Comment #############################################################
@Comment
@Comment
@Comment #############################################################


@article{ ,
  author =	 {Łukasz Czarnecki},
  title =	 {Wacław Jędrzejewicz jako attaché wojskowy
                  i~kierownik polskiego poseltwa w~Tokio w~latach
                  1925--1928},
  journal =	 {Zeszysty Naukowe Uniwersytetu Jagiellońskiego. Prace
                  Historyczne},
  year =	 2018,
  volume =	 145,
  issue =	 1,
  pages =	 {85--101},
  doi =		 {https://doi.org/10.4467/20844069PH.18.005.7567},
}










@Comment #############################################################
@Comment History of science
@Comment #############################################################


@Comment ###############################
@Comment History of cybernetics
@Comment ###############################


@article{ ,
  author =	 {Sheryl N. Hamilton},
  title =	 {The Charismatic Cultural Life of Cybernetics:
                  Reading Norbert Wiener as~Visible Scientist},
  journal =	 {Canadian Journal of Communication},
  year =	 2017,
  volume =	 42,
  issue =	 3,
  pages =	 {407--430},
  doi =		 {10.22230/cjc.2017v42n3a3205},
}










@Comment ###############################
@Comment History of physics
@Comment ###############################


@online{ tHooft-The-Evoluction-of-Quantum-Field-Theory-Pub-2015,
  author =	 {Gerard 't Hooft},
  title =	 {The~Evolution~of Quantum Field Theory. From QED to
                  Grand Unification},
  year =	 2015,
  archivePrefix ={arXiv},
  eprint =	 {1503.05007},
  primaryClass = {hep-th},
  note =	 {Work pulished on ArXiv.},
}










@Comment #############################################################
@Comment Reviews
@Comment #############################################################


@article{ Matuszewski-Uruszczak-O-symulowanej-nauce-ETC-Pub-2017,
  author =	 {Jacek Matuszewski and Wacław Uruszczak},
  title =	 {O~symulowanej nauce, czyli o~niekompetentnej,
                  nieudolnej i~nieudanej rekonceptualizacji
                  społecznej, kulturowej, gospodarczej i~politycznej
                  I~Rzeczpospolitej, nierzetelnym postępowaniu
                  habilitacyjnym i~groźnym pomruku metodologicznym
                  \'{a} la Otwock},
  journal =	 {Zeszysty Prawnicze},
  year =	 2017,
  volume =	 17,
  issue =	 1,
  pages =	 {177--223},
}