@Comment #############################################################
@Comment #############################################################
@Comment History of physics, articles
@Comment #############################################################
@Comment #############################################################


@article{ Schwinger-The-Greening-of-Quantum-Field-Theory-ETC-1993,
  author =	 {Julian Schwinger},
  title =	 {The~Greening~of Quantum Field Theory: George and~I},
  year =	 1993,
  journal =	 {{}},
  archivePrefix ={arXiv},
  eprint =	 {9310283v1},
  primaryClass = {hep-ph},
}



@article{ Witten-A-Note-on-Einstein-Bergmann-and-ETC-2014,
  author =	 {Edward Witten},
  title =	 {A~Note on~Einstein, Bergmann, and the Fifth
                  Dimension},
  journal =	 {{}},
  year =	 2014,
  archivePrefix ={arXiv},
  eprint =	 {1401.8048v1},
  primaryClass = {hist-ph},
}










@Comment #############################################################
@Comment History of astrophysics
@Comment #############################################################


@article{ Bertone-Hooper-History-of-dark-matter-2018,
  author =	 {Gianfranco Bertone and Dan Hooper},
  title =	 {History of dark matter},
  journal =	 {Rev. Mod. Phys.},
  year =	 2018,
  month =	 10,
  volume =	 90,
  issue =	 4,
  pages =	 045002,
  numpages =	 32,
  publisher =	 {American Physical Society},
  doi =		 {10.1103/RevModPhys.90.045002},
  url =
                  {https://link.aps.org/doi/10.1103/RevModPhys.90.045002},
  archivePrefix ={arXiv},
  eprint =	 {1605.04909},
  primaryClass = {astro-ph.CO},
}










@Comment #############################################################
@Comment History of QFT
@Comment #############################################################


@article{ Shirkov-Evolution-of-Bogoluibov-Renormalization-Group-1999,
  author =	 {Dmitrij V. Shirkov},
  title =	 {Evolution~of~the Bogoluibov Renormalization Group},
  journal =	 {JINR Communication},
  volumne =	 {E2–96–15},
  year =	 1996,
  archivePrefix ={arXiv},
  eprint =	 9909024,
  primaryClass = {hep-th},
  note =	 {Second English printing},
}
