@Comment #############################################################
@Comment #############################################################
@Comment History and culture. Netography
@Comment #############################################################
@Comment #############################################################


@Comment #########################################
@Comment 2016 year
@Comment #########################################


@online{ Metatron-Did-The-Spartans-Really-Fight-Naked-Ver-2016,
  author =	 {Metatron},
  title =	 {Did The Spartans Really Fight Naked?},
  year =	 2016,
  url =		 {https://www.youtube.com/watch?v=AnxNEqgre-k},
  urldate =	 {2024-08-16},
}










@Comment #########################################
@Comment 2017 year
@Comment #########################################


@online{ Metatron-Vikings-TV-Series-Historical-Evaluation-Ver-2017,
  author =	 {Metatron},
  title =	 {Vikings TV~Series Historical Evaluation},
  year =	 2017,
  url =		 {https://www.youtube.com/watch?v=tKOJzoq09zM},
  urldate =	 {2024-08-28},
}










@Comment #########################################
@Comment 2018 year
@Comment #########################################


@online{ Metatron-Black-Washing-History-ETC-Ver-2018,
  author =	 {Metatron},
  title =	 {Black Washing History? Troy~\& BBC Cartoon
                  Debunking},
  year =	 2018,
  url =		 {https://www.youtube.com/watch?v=OZH35n7SxW8},
  urldate =	 {2024-08-16},
}











@Comment #########################################
@Comment 2019 year
@Comment #########################################


@online{ Metatron-Is-The-King-A-Horrible-Movie-Review-Ver-2019,
  author =	 {Metatron},
  title =	 {Is~The King A~Horrible Movie? Review},
  year =	 2019,
  url =		 {https://www.youtube.com/watch?v=G3JM9wQ9rwU},
  urldate =	 {2024-12-19},
}



@online{ Metatron-The-King-Historically-Accurate-ETC-Ver-2019,
  author =	 {Metatron},
  title =	 {The~King~-- Historically Accurate? BRUTALLY Honest
                  Trailer Review},
  year =	 2019,
  url =		 {https://www.youtube.com/watch?v=HmlCQqC27uA},
  urldate =	 {2024-08-25},
}










@Comment #########################################
@Comment 2020 year
@Comment #########################################


@online{ Metatron-5-Things-They-ALWAYS-get-wrong-about-ETC-Ver-2020,
  author =	 {Metatron},
  title =	 {5~Things They ALWAYS get wrong about the~VIKINGS},
  year =	 2020,
  url =		 {https://www.youtube.com/watch?v=KAMJ8ol7mAw},
  urldate =	 {2024-08-31},
}



@online{ Metatron-Barbarians-Is-The-LATIN-Correct-Ver-2020,
  author =	 {Metatron},
  title =	 {Barbarians: Is The LATIN Correct?},
  year =	 2020,
  url =		 {https://www.youtube.com/watch?v=YlggQMFPjKw},
  urldate =	 {2024-07-27},
}



@online{ Metatron-Barbarians-Is-This-Netflix-Show-ETC-Ver-2020,
  author =	 {Metatron},
  title =	 {Barbarians~-- Is This Netflix Show Historically
                  Accurate?},
  year =	 2020,
  url =		 {https://www.youtube.com/watch?v=YMC-gzAC1FI},
  urldate =	 {2024-07-27},
}
@Comment Tu skonczyłem przeglądać.


@online{ Metatron-Can-a-Real-Suit-of-Armor-Stop-ETC-Ver-2020,
  author =	 {Metatron},
  title =	 {Can a~Real Suit~of Armor Stop a~Bullet?!?! Debunking
                  Video},
  year =	 2020,
  url =		 {https://www.youtube.com/watch?v=ujBF6d9NkiA},
  urldate =	 {2024-08-09},
}










@Comment #########################################
@Comment 2022 year
@Comment #########################################


@online{ Metatron-8-Myths-About-The-Samurai-YOU-Thought-Were-true-Ver-2022,
  author =	 {Metatron},
  title =	 {8~Myths About The~Samurai YOU Thought Were True!},
  year =	 2022,
  url =		 {https://www.youtube.com/watch?v=KAMJ8ol7mAw},
  urldate =	 {2024-09-17},
}



@online{ Metatron-Is-the-Black-Jarl-In-Vikings-ETC-Ver-2022,
  author =	 {Metatron},
  title =	 {Is~the Black Jarl In~Vikings Valhalla Historical?
                  The~Truth},
  year =	 2022,
  url =		 {https://www.youtube.com/watch?v=uB27ViMwrQY},
  urldate =	 {2024-08-20},
}



@online{ Metatron-Were-The-Ancient-Egyptians-Black-ETC-Ver-2022,
  author =	 {Metatron},
  title =	 {Were The Ancient Egyptians Black? The~TRUTH},
  year =	 2022,
  url =		 {https://www.youtube.com/watch?v=jnGfzEj12mk},
  urldate =	 {2024-08-20},
}



@online{ Metatron-Why-Dido-is-a-Badly-Written-Character-ETC-Ver-2022,
  author =	 {Metatron},
  title =	 {Why Dido is a~Badly Written Character. Barbarians
                  Season~2: Review},
  year =	 2022,
  url =		 {https://www.youtube.com/watch?v=0uFhrrTrT0k},
  urldate =	 {2025-01-30},
}










@Comment #########################################
@Comment 2023 year
@Comment #########################################


@online{ Metatron-Did-Ancient-Romans-Have-Freedom-of-Speech-Ver-2023,
  author =	 {Metatron},
  title =	 {Did Ancient Romans Have Freedom~of Speech?},
  year =	 2023,
  url =		 {https://www.youtube.com/watch?v=CHalZM8vsgI},
  urldate =	 {2024-08-21},
}



@online{ Metatron-Did-Rome-Have-a-transgender-Emperor-ETC-Ver-2023,
  author =	 {Metatron},
  title =	 {Did Rome Have a~Transgender Emperor? The~Truth About
                  Elagabalus},
  year =	 2023,
  url =		 {https://www.youtube.com/watch?v=lI3Ek8bO8uk},
  urldate =	 {2025-07-30},
}



@online{ Metatron-Food-Theory-You-Would-HATE-this-700-Years-ETC-Ver-2023,
  author =	 {Metatron},
  title =	 {Food Theory: You Would HATE this 700 Years Old Meal
                  (Medieval Times) RESPONSE},
  year =	 2023,
  url =		 {https://www.youtube.com/watch?v=OYaIrK6Pou0},
  urldate =	 {2024-08-21},
}



@online{ Metatron-My-Response-To-KueliMika-Channel-ETC-Ver-2023,
  author =	 {Metatron},
  title =	 {My~Response To KueliMika Channel On~Black Egyptians},
  year =	 2023,
  url =		 {https://www.youtube.com/watch?v=gdPFJFZrMwM},
  urldate =	 {2024-08-21},
}










@Comment #########################################
@Comment 2024 year
@Comment #########################################


@online{ Gray-DNA-Reveals-Christopher-Columbus-Was-A-Jew-ETC-Ver-2024,
  author =	 {David L. Gray},
  title =	 {DNA Reveals Christopher Columbus Was A~Jew; David
                  L.~Gray Off Code \&~Unscripted},
  year =	 2024,
  url =		 {https://www.youtube.com/watch?v=upMUsubBGZA},
  urldate =	 {2024-10-16},
}



@online{ Metatron-Another-Professor-Pushing-An-Agenda-ETC-Ver-2024,
  author =	 {Metatron},
  title =	 {Another Professor Pushing An~Agenda Intead~Of
                  Actually Teaching~-- Called Out!},
  year =	 2024,
  url =		 {https://www.youtube.com/watch?v=X3pe_bbKHS8},
  urldate =	 {2024-09-05},
}



@online{ Metatron-Im-NOT-DONE-With-GLADIATOR-2-Ver-2024,
  author =	 {Metatron},
  title =	 {I'm NOT DONE With GLADIATOR~2!},
  year =	 2024,
  url =		 {https://www.youtube.com/watch?v=SMPpYm-rw-c},
  urldate =	 {2024-11-27},
}



@online{ Metatron-The-Truth-About-Gay-Marriage-In-Ancient-ETC-Ver-2024,
  author =	 {Metatron},
  title =	 {The~Truth About Gay Marriage In~Ancient Times. Did
                  it Exist?},
  year =	 2024,
  url =		 {https://www.youtube.com/watch?v=609QpunHw90},
  urldate =	 {2024-09-14},
}



@online{ Metatron-Women-Warriors-in-History-The-ACTUAL-Truth-Ver-2024,
  author =	 {Metatron},
  title =	 {Women Warriors in~History: The~ACTUAL Truth},
  year =	 2024,
  url =		 {https://www.youtube.com/watch?v=yPcljDGkg_8},
  urldate =	 {2024-08-25},
}










@Comment #########################################
@Comment 2025 year
@Comment #########################################
@Comment Cały rok sprawdzony

@online{ Metatron-I-Annihilated-This-Professors-Ridiculous-ETC-Ver-2025,
  author =	 {Metatron},
  title =	 {I~Annihilated This Professor's Ridiculous Arguments},
  year =	 2025,
  url =		 {https://www.youtube.com/watch?v=W_xBAMmXUtE},
  urldate =	 {2025-04-22},
}



@online{ Metatron-California-Professor-Pushes-Politics-ETC-Ver-2025,
  author =	 {Metatron},
  title =	 {California Professor Pushes Politics Instead~Of
                  Teaching The~Truth},
  year =	 2025,
  url =		 {https://www.youtube.com/watch?v=YR8OURvKLls},
  urldate =	 {2025-07-30},
}



@online{ Metatron-History-Answers-Questions-Questions-On-ETC-Ver-2025,
  author =	 {Metatron},
  title =	 {Historian Answers Questions On~Vikings But~Skips
                  A~CRUCIAL Detail\ldots},
  year =	 2025,
  url =		 {https://www.youtube.com/watch?v=LVgBKS3BLps},
  urldate =	 {2025-08-16},
}



@online{ Metatron-Medieval-MYTHS-You-Still-Believe-Boiled-ETC-Ver-2025,
  author =	 {Metatron},
  title =	 {Medieval MYTHS You Still Believe: Boiled OIL in~Sieges?},
  year =	 2025,
  url =		 {https://www.youtube.com/watch?v=Ani6SnDiu3k},
  urldate =	 {2025-08-10},
}



@online{ Metatron-Ridley-Scott-Regrets-THIS-Scene-He-Cut-ETC-Ver-2025,
  author =	 {Metatron},
  title =	 {Ridley Scott Regrets THIS Scene He Cut From GLADIATOR~2!},
  year =	 2025,
  url =		 {https://www.youtube.com/watch?v=1IvQwYt1Qus},
  urldate =	 {2025-01-27},
}



@online{ Metatron-The-Mystery-of-Color-Perception-In-ETC-Ver-2025,
  author =	 {Metatron},
  title =	 {The~Mystery~of Color Perception In The~Ancient World},
  year =	 2025,
  url =		 {https://www.youtube.com/watch?v=p1lQFccM7xk},
  urldate =	 {2025-06-18},
}



@online{ Metatron-WIRED-Historian-Was-Good-Until-He-Said-THIS-Ver-2025,
  author =	 {Metatron},
  title =	 {WIRED Historian Was Good Until He~Said THIS},
  year =	 2025,
  url =		 {https://www.youtube.com/watch?v=w1-JE3Uk_Pk},
  urldate =	 {2025-03-02},
}
























@online{ Metatron-Gemini-AI-is-SO-MUCH-WORSE-ETC-Ver-2024,
  author =	 {Metatron},
  title =	 {Gemini~AI is~SO MUCH WORSE Than You Think~--
                  Metatron VS~Gemini~AI},
  year =	 2024,
  url =		 {https://www.youtube.com/watch?v=F16OYpbghBk},
  urldate =	 {2024-08-18},
}



@online{ Metatron-Gladiator-2-IS-A-MESS-All-Historical-ETC-Ver-2024,
  author =	 {Metatron},
  title =	 {Gladiator~2 IS A~MESS! All Historical Inaccuracies
                  Exposed!},
  year =	 2024,
  url =		 {https://www.youtube.com/watch?v=xt-iPDO1kWs},
  urldate =	 {2024-11-26},
}



@online{ Metatron-Gladiator-2-Official-Trailer-ETC-Ver-2024,
  author =	 {Metatron},
  title =	 {Gladiator~2 Official Trailer: REACTION~-- It's
                  A~Mess!},
  year =	 2024,
  url =		 {https://www.youtube.com/watch?v=MulwPQL-fvk},
  urldate =	 {2024-07-24},
}



@online{ Metatron-Gladiator-2-Sounds-HORRIBLE-Ver-2024,
  author =	 {Metatron},
  title =	 {Gladiator~2 Sounds HORRIBLE!},
  year =	 2024,
  url =		 {https://www.youtube.com/watch?v=am9jYA6XZZA},
  urldate =	 {2024-07-27},
}







@online{ Metatron-I-HAD-to-Make-a-Response-to-This-ETC-Ver-2023,
  author =	 {Metatron},
  title =	 {I~HAD to Make a~Response to~This\ldots},
  year =	 2023,
  url =		 {https://www.youtube.com/watch?v=tB263oIlcp4},
  urldate =	 {2024-10-15},
}



@online{ Metatron-I-Have-ZERO-Respect-For-This-British-ETC-Ver-2024,
  author =	 {Metatron},
  title =	 {I~Have ZERO Respect For This British Historian
                  Because~Of THESE Statements},
  year =	 2024,
  url =		 {https://www.youtube.com/watch?v=C5Q1X-XZ2lA},
  urldate =	 {2024-12-08},
}



@online{ Metatron-Ill-Keep-Calling-These-WIRED-Professors-Out-ETC-Ver-2024,
  author =	 {Metatron},
  title =	 {I'll Keep Calling These WIRED Professors Out EVERY TIME},
  year =	 2024,
  url =		 {https://www.youtube.com/watch?v=KQvfSfqNgqE},
  urldate =	 {2025-01-17},
}















@online{ Metatron-Is-The-Northman-The-Most-Historically-ETC-Ver-2022,
  author =	 {Metatron},
  title =	 {Is~The~Northman The Most Historically Accurate
                  Viking Film? Well\ldots},
  year =	 2022,
  url =		 {https://www.youtube.com/watch?v=7Y3yWHaXu9w},
  urldate =	 {2024-08-09},
}



@online{ Metatron-Is-The-Roman-S4lute-A-REAL-Thing--ETC-Ver-2025,
  author =	 {Metatron},
  title =	 {Is~The~Roman S4lute A~REAL Thing Historically?},
  year =	 2025,
  url =		 {https://www.youtube.com/watch?v=DIwPVQP2fZA},
  urldate =	 {2025-01-24},
}



@online{ Metatron-Is-Thermae-Romae-Novae-Historically-ETC-Ver-2022,
  author =	 {Metatron},
  title =	 {Is~"Thermae Tomae Novae" Historically Accurate?},
  year =	 2022,
  url =		 {https://www.youtube.com/watch?v=7IUUVenQsJY},
  urldate =	 {2024-09-17},
}



@online{ Metatron-My-DEFINITIVE-Response-on-Black-Egypt-ETC-Ver-2023,
  author =	 {Metatron},
  title =	 {My~DEFINITIVE Response on~Black Egypt (KueliMika,
                  Mr.~Imotep, TKM)},
  year =	 2024,
  url =		 {https://www.youtube.com/watch?v=RHGpGhW3BMk},
  urldate =	 {2024-08-21},
}







@online{ Metatron-Netflix-Barbarians-Arminius-Combat-ETC-Ver-2020,
  author =	 {Metatron},
  title =	 {Netflix Barbarians: Arminius' Combat Skill, Does He
                  Fight Like a~Roman?},
  year =	 2020,
  url =		 {https://www.youtube.com/watch?v=7b81XySi2FQ},
  urldate =	 {2024-10-30},
}



@online{ Metatron-Netfilix-Did-it-Again-Was-Hannibal-Barca-ETC-Ver-2023,
  author =	 {Metatron},
  title =	 {Netflix Did it Again! Was Hannibal Barca Black?},
  year =	 2023,
  url =		 {https://www.youtube.com/watch?v=MJen933LUDw},
  urldate =	 {2024-08-28},
}



@online{ Metatron-No-MORE-Roman-Wrist-Leather-Bracletes-RANT-Ver-2019,
  author =	 {Metatron},
  title =	 {No~MORE Roman Wrist Leather Bracelets! RANT?},
  year =	 2019,
  url =		 {https://www.youtube.com/watch?v=rKSr816XA_s},
  urldate =	 {2024-09-15},
}



@online{ Metatron-No-One-Ever-Volunteered-To-Become-ETC--Ver-2024,
  author =	 {Metatron},
  title =	 {No~One Ever Volunteered To~Became A~Galdiator!? What
                  About The SOURCES!},
  year =	 2024,
  url =		 {https://www.youtube.com/watch?v=9jAzPYj0eYM},
  urldate =	 {2025-01-17},
}



@online{ Metatron-NYC-Professor-Strikes-Again-and-so-do-I-ETC-Ver-2024,
  author =	 {Metatron},
  title =	 {NYC Professor Strikes AGAIN! (and so do~I)},
  year =	 2024,
  url =		 {https://www.youtube.com/watch?v=B58QiLrrsfc},
  urldate =	 {2024-09-13},
}







@online{ Metatron-Samurai-Were-ASHAMED-of-Katana-ETC-Ver-2023,
  author =	 {Metatron},
  title =	 {Samurai Were ASHAMED~of Katana, Gladiators Were
                  Obese and Knight Charges Were PATHETIC!},
  year =	 2023,
  url =		 {https://www.youtube.com/watch?v=fXmsk9EqkrA},
  urldate =	 {2024-08-24},
}



@online{ Metatron-STOP-Spamming-My-Feed-Ill-Do-It-DAMN-Ver-2024,
  author =	 {Metatron},
  title =	 {STOP Spamming My Feed! I'll Do It! DAMN!},
  year =	 2024,
  url =		 {https://www.youtube.com/watch?v=nu4pGgwTm5U},
  urldate =	 {2024-11-22},
}











@online{ Metatron-The-Last-Duel-HALF-HELMET-What-On-Earth-ETC-Ver-2021,
  author =	 {Metatron},
  title =	 {The~Last Duel: HALF HELEMT? What On~Earth!?},
  year =	 2021,
  url =		 {https://www.youtube.com/watch?v=HmlCQqC27uA},
  urldate =	 {2024-08-28},
}







@online{ Metatron-The-Truth-About-Gay-Marriage-ETC-Ver-2024,
  author =	 {Metatron},
  title =	 {The~Truth About Gay Marriage In~Ancient Times. Did
                  it Exist?},
  year =	 2024,
  url =		 {https://www.youtube.com/watch?v=609QpunHw90},
  urldate =	 {2024-09-14},
}



@online{ Metatron-The-TRUTH-About-LGBTQ-Plus-in-Ancient-ETC-Ver-2023,
  author =	 {Metatron},
  title =	 {The~TRUTH About LGBTQ+ in~Ancient Greece~-- Once and
                  for all},
  year =	 2023,
  url =		 {https://www.youtube.com/watch?v=GbOKIsMuNWU},
  urldate =	 {2024-09-14},
}



@online{ Metatron-The-Truth-About-The-Sumerian-Leader-Gilgamesh-Ver-2024,
  author =	 {Metatron},
  title =	 {The~Truth About The~Sumerian Leader Gilgamesh},
  year =	 2024,
  url =		 {https://www.youtube.com/watch?v=lpQSf12VAAM},
  urldate =	 {2024-09-15},
}



@online{ Metatron-The-Truth-About-The-Truth-About-ETC-Ver-2024,
  author =	 {Metatron},
  title =	 {The~Truth About The~Truth About The~Truth},
  year =	 2024,
  url =		 {https://www.youtube.com/watch?v=VjTO1zeD6r0},
  urldate =	 {2025-01-18},
}



@online{ Metatron-These-Claims-About-The-Romand-Empire-Are-ABSURD-Ver-2024,
  author =	 {Metatron},
  title =	 {These Claims About The~Roman Empire Are ABSURD},
  year =	 2024,
  url =		 {https://www.youtube.com/watch?v=7Mr0i_RKbBU},
  urldate =	 {2025-01-17},
}



@online{ Metatron-This-NYC-Professor-is-a-COMPLETE-JOKE-Ver-2024,
  author =	 {Metatron},
  title =	 {This NYC Professor is a~COMPLETE JOKE!},
  year =	 2024,
  url =		 {https://www.youtube.com/watch?v=0dD6JtLoomU},
  urldate =	 {2024-09-11},
}



@online{ Metatron-Top-10-Myths-of-Ancient-Rome-YOU-Thought-ETC-Ver-2022,
  author =	 {Metatron},
  title =	 {Top~10 Myths~of Ancient Rome YOU Thought Were True!},
  year =	 2022,
  url =		 {https://www.youtube.com/watch?v=fZkdpx5mlhQ},
  urldate =	 {2024-09-18},
}



@online{ Metatron-Top-Roman-Historian-Rates-Famous-ETC-Ver-2022,
  author =	 {Metatron},
  title =	 {Top Roman Historian Rates Famous Movie Scenes RESPONSE},
  year =	 2022,
  url =		 {https://www.youtube.com/watch?v=8W4xUWrzakQ},
  urldate =	 {2024-09-18},
}



@online{ Metatron-Transgender-Viking-Warrios-ETC-Ver-2024,
  author =	 {Metatron},
  title =	 {Transgender Viking Warriors? DELUSIONAL},
  year =	 2024,
  url =		 {https://www.youtube.com/watch?v=hsOhxfMpT9w},
  urldate =	 {2024-09-24},
}
