@Comment #############################################################
@Comment #############################################################
@Comment History of mathematics. Netography
@Comment #############################################################
@Comment #############################################################


@Comment #############################################################
@Comment Biographies of mathematicans
@Comment #############################################################


@online{ OConnor-Robertson-Biography-of-Kurt-Hensel-Ver-2006,
  author =	 {J.J. O'Connor and E.F. Robertson},
  title =	 {Kurt Hensel},
  year =	 2006,
  url =
                  {https://mathshistory.st-andrews.ac.uk/Biographies/Hensel/},
  urldate =	 {2025-03-08},
  note =	 {MacTutor},
}










@Comment #############################################################
@Comment History and philosophy of mathematics
@Comment #############################################################


@article{ Kutateladze-Sobolev-and-Schwartz-two-fates-and-two-fames-2008,
  author =	 {S.S. Kutateladze},
  title =	 {Sobolev and Schwartz: Two Fates and Two Fames},
  journal =	 {{}},
  year =	 2008,
  archivePrefix ={arXiv},
  eprint =	 {0802.0533v4},
  primaryClass = {math.HO},
}