@Comment #############################################################
@Comment #############################################################
@Comment History, netography
@Comment #############################################################
@Comment #############################################################


@online{ Metatron-The-Truth-About-THE-MOORS-Once-And-For-All-Ver-2024,
  author =	 {Metatron},
  title =	 {The~Truth About THE~MOORS Once And For All},
  year =	 2024,
  url =		 {https://www.youtube.com/watch?v=CEgH3W7oV3k},
  urldate =	 {2024-10-12},
}










@Comment #############################################################
@Comment Africa
@Comment #############################################################


@online{ Podroz-bez-Paszportu-Niemiecki-kolonializm-w-Afryce-ETC-Ver-2024,
  author =	 {Podróż bez Paszportu},
  title =	 {Niemiecki kolonializm w~Afryce. Fakty i~mity.
                  Historia; prof. Michał Leśniewski},
  year =	 2024,
  url =		 {https://www.youtube.com/watch?v=bTCxWTXmxIc},
  urldate =	 {2024-10-21},
}



@online{ Wszechnica-FWW-Pogranicza-Kolonii-Przyladkowej-ETC-Ver-2024,
  author =	 {Wszechnica FWW},
  title =	 {Pogranicza Kolonii Przylądkowej w~XVIII stuleciu;
                  prof. Michał Leśniewski},
  year =	 2024,
  url =		 {https://www.youtube.com/watch?v=AM80Bi7h2qw},
  urldate =	 {2024-11-2},
}










@Comment #############################################################
@Comment Prehistory times
@Comment #############################################################


@online{ Metatron-DELUSIONAL-Destroying-The-Neanderthal-Apex-Ver-2024,
  author =	 {Metatron},
  title =	 {DELUSIONAL! Destroying The~Neanderthal Apex Predator
                  Theory},
  year =	 2024,
  url =		 {https://www.youtube.com/watch?v=RHepApAxk9s},
  urldate =	 {2024-09-23},
}










@Comment #############################################################
@Comment The city of Rome and its Empire
@Comment #############################################################


@online{ Metatron-Did-Ancient-Romans-Use-Tattoos-Ver-2021,
  author =	 {Metatron},
  title =	 {Did The Romans Use Tattoos? SPQR},
  year =	 2021,
  url =		 {https://www.youtube.com/watch?v=AeaZ1QeZTHc},
  urldate =	 {2024-07-31},
}



@online{ Metatron-Did-Romans-Discover-America-ETC-Ver-2022,
  author =	 {Metatron},
  title =	 {Did The Romans Discover America? Debunking Video},
  year =	 2022,
  url =		 {https://www.youtube.com/watch?v=O4szHp_gcvA},
  urldate =	 {2024-07-26},
}



@online{ Metatron-Did-Rome-Have-a-Transgedner-Emperor-ETC-Ver-2023,
  author =	 {Metatron},
  title =	 {Did Rome Have a~Transgender Emperor? The~Truth About
                  Elagabalus},
  year =	 2023,
  url =		 {https://www.youtube.com/watch?v=lI3Ek8bO8uk},
  urldate =	 {2024-08-15},
}



@online{ Metatron-Did-Roman-Soldiers-Wear-Red-Tunics-Ver-2017,
  author =	 {Metatron},
  title =	 {Did Roman Soldiers Wear Red Tunics?},
  year =	 2017,
  url =		 {https://www.youtube.com/watch?v=9c-c39T1xeI},
  urldate =	 {2024-08-02},
}



@online{ Metatron-Is-The-Chosen-Accurate-Deep-Historical-ETC-Ver-2024,
  author =	 {Metatron},
  title =	 {Is The Chosen Accurate? Deep Historical Analysis And
                  Scriptural Interlinear Examination},
  year =	 2024,
  url =		 {https://www.youtube.com/watch?v=WF4dhhJIJGo},
  urldate =	 {2024-10-27},
}



@online{ Metatron-Lex-Friedman-Sl4very-and-Fall-of-ETC-Ver-2024,
  author =	 {Metatron},
  title =	 {Lex Friedman~-- Sl4very \&~Fall~of The Republick:
                  Gregory Aldrete~-- Metatron reacts},
  year =	 2024,
  url =		 {https://www.youtube.com/watch?v=zVsuW2O9emA},
  urldate =	 {2024-10-14},
}



@online{ Metatron-Romans-VS-Etruscans-ETC-Ver-2020,
  author =	 {Metatron},
  title =	 {Romans VS Etruscans: The~Mystery And War~Of
                  the~Truscan Civilization},
  year =	 2020,
  url =		 {https://www.youtube.com/watch?v=eALlg5gwgzU},
  urldate =	 {2024-07-24},
}



@online{ Metatron-The-Made-THIS-a-Gay-Icon-ETC-Ver-2024,
  author =	 {Metatron},
  title =	 {They Made THIS a~"Gay Icon"? Telegraph and Daily
                  Mail Out~of Their Maind},
  year =	 2024,
  url =		 {https://www.youtube.com/watch?v=fvQVXIxwaw},
  urldate =	 {2024-08-15},
}



@online{ Metatron-The-TRUTH-About-Black-Africans-in-ETC-Ver-2021,
  author =	 {Metatron},
  title =	 {The~TRUTH About Black Africans In Ancient Rome},
  year =	 2021,
  url =		 {https://www.youtube.com/watch?v=CsTlb5a5LrY},
  urldate =	 {2024-08-15},
}



@online{ Metatron-The-Truth-About-Pompeiis-Destruction-ETC-Ver-2021,
  author =	 {Metatron},
  title =	 {The~Truth About Pompeii's Destruction And "Preserved
                  Bodies"},
  year =	 2024,
  url =		 {https://www.youtube.com/watch?v=5J404p7GY0g},
  urldate =	 {2024-09-13},
}



@online{ Metatron-This-is-complete-nonsense-Ver-2023,
  author =	 {Metatron},
  title =	 {This is~complete nonsense},
  year =	 2023,
  url =		 {https://www.youtube.com/watch?v=4E8Yeax2S0E},
  urldate =	 {2024-08-28},
}



@online{ Metatron-Was-Septimius-Severus-An-African-Emperor-ETC-Ver-2023,
  author =	 {Metatron},
  title =	 {Was Septimius Severus An~African Emperor? The~ACTUAL
                  Truth},
  year =	 2024,
  url =		 {https://www.youtube.com/watch?v=ZbOeuLHzZ-c},
  urldate =	 {2024-08-27},
}



@online{ Metatron-Were-The-Ancient-Romans-Nordic-ETC-Ver-2023,
  author =	 {Metatron},
  title =	 {Were The~Ancient Romans Nordic? The~Truth},
  year =	 2023,
  url =		 {https://www.youtube.com/watch?v=wx90MPXeagw},
  urldate =	 {2024-07-30},
}



@online{ Metatron-Were-The-Ancient-Romans-White-ETC-Ver-2023,
  author =	 {Metatron},
  title =	 {Were The~Ancient Romans White? The~Truth},
  year =	 2023,
  url =		 {https://www.youtube.com/watch?v=ojUVlHxnG-w},
  urldate =	 {2024-07-30},
}



@online{ Metatron-What-Was-It-Like-To-Be-In-The-Roman-Navy-Ver-2020,
  author =	 {Metatron},
  title =	 {What Was It Like To Be In The Roman Navy?},
  year =	 2020,
  url =		 {https://www.youtube.com/watch?v=5EwEAaZYXko},
  urldate =	 {2024-08-01},
}



@online{ Metatron-Why-Were-The-Roman-Legions-So-Effective-Ver-2017,
  author =	 {Metatron},
  title =	 {Why Were The~Roman Legions So Effective?},
  year =	 2017,
  url =		 {https://www.youtube.com/watch?v=gQigkJCnvuc},
  urldate =	 {2024-08-26},
}










@Comment #########################################
@Comment
@Comment #########################################










@Comment #############################################################
@Comment Egypt
@Comment #############################################################










@Comment #############################################################
@Comment France
@Comment #############################################################


@Comment #########################################
@Comment Nowy Ład, Francja bez Kitu
@Comment #########################################


@Comment ###############################
@Comment Presidents of V France Republic
@Comment ###############################


@online{ Nowy-Lad-Pompidou-godny-nastepca-de-Gaullea-czy-ETC-Ver-2022,
  author =	 {Nowy Ład},
  title =	 {Pompidou~-- godny następca de~Gaulle'a czy~mierny
                  technokrata? Marcin Giełzak, Kacper Kita},
  year =	 2022,
  url =		 {https://www.youtube.com/watch?v=_zlc2Y4_-EY},
  urldate =	 {2024-09-08},
}



@online{ Nowy-Lad-Giscard-dEstaing-wielki-prezydent-czy-ETC-Ver-2024,
  author =	 {Nowy Ład},
  title =	 {Kacper Kita, Marcin Giełzak: Giscard d'Estaing~--
                  wielki prezydent czy liberał rozmontowujący
                  Francje?},
  year =	 2024,
  url =		 {https://www.youtube.com/watch?v=KAMJ8ol7mAw},
  urldate =	 {2024-09-05},
}



@online{ Nowy-Lad-Mitterrand-grabarz-czy-ostatni-wielki-ETC-Ver-2022,
  author =	 {Nowy Ład},
  title =	 {Mitterand~-- grabarz czy ostatni wielki przywódca
                  Francji?; Marcin Giełzak; Francja bez Kitu \#19},
  year =	 2022,
  url =		 {https://www.youtube.com/watch?v=Q8wcBNIer2k},
  urldate =	 {2024-09-13},
}



@online{ Nowy-Lad-Chirac-ostatni-prezydent-na-poziomie-ETC-Ver-2022,
  author =	 {Nowy Ład},
  title =	 {Chirac~-- ostatni prezydent na poziomie czy~cwany
                  oportunista?; Marcin Giełzak, Kacper Kita; Francja
                  bez Kitu \#22},
  year =	 2022,
  url =		 {https://www.youtube.com/watch?v=h03vdPOiezc},
  urldate =	 {2024-09-14},
}



@online{ Nowy-Lad-Macron-autorytarny-liberal-Kim-jest-ETC-Ver-2022,
  author =	 {Nowy Ład},
  title =	 {Macron, autorytarny liberał. Kim jest przywódca
                  Francji? Kto zrobił go prezydentem?},
  year =	 2022,
  url =		 {https://www.youtube.com/watch?v=bUQeu32ipdw},
  urldate =	 {2024-09-16},
}










@Comment #############################################################
@Comment Great Britain
@Comment #############################################################


@online{ Podroz-bez-Paszportu-Robert-Baden-Powell-Kim-ETC-Ver-2022,
  author =	 {Podróż bez Paszportu},
  title =	 {Robert Baden-Powell. Kim był twórca skautingu?;
                  Prof. Michał Leśniewski},
  year =	 2022,
  url =		 {https://www.youtube.com/watch?v=cWM_NJ2-I8g},
  urldate =	 {2024-10-21},
}










@Comment #############################################################
@Comment History and culture
@Comment #############################################################


@online{ Gray-DNA-Reveals-Christopher-Columbus-Was-A-Jew-ETC-Ver-2024,
  author =	 {David L. Gray},
  title =	 {DNA Reveals Christopher Columbus Was A~Jew; David
                  L.~Gray Off Code \&~Unscripted},
  year =	 2024,
  url =		 {https://www.youtube.com/watch?v=upMUsubBGZA},
  urldate =	 {2024-10-16},
}



@online{ Metatron-5-Things-They-ALWAYS-get-wrong-about-ETC-Ver-2020,
  author =	 {Metatron},
  title =	 {5~Things They ALWAYS get wrong about the~VIKINGS},
  year =	 2020,
  url =		 {https://www.youtube.com/watch?v=KAMJ8ol7mAw},
  urldate =	 {2024-08-31},
}



@online{ Metatron-8-Myths-About-The-Samurai-YOU-Thought-Were-true-Ver-2022,
  author =	 {Metatron},
  title =	 {8~Myths About The~Samurai YOU Thought Were True!},
  year =	 2022,
  url =		 {https://www.youtube.com/watch?v=KAMJ8ol7mAw},
  urldate =	 {17-IX-2024},
}



@online{ Metatron-Another-Professor-Pushing-An-Agenda-ETC-Ver-2020,
  author =	 {Metatron},
  title =	 {Another Professor Pushing An~Agenda Intead~Of
                  Actually Teaching~-- Called Out!},
  year =	 2024,
  url =		 {https://www.youtube.com/watch?v=X3pe_bbKHS8},
  urldate =	 {05-IX-2024},
}



@online{ Metatron-Barbarians-Is-The-LATIN-Correct-Ver-2020,
  author =	 {Metatron},
  title =	 {Barbarians: Is The LATIN Correct?},
  year =	 2020,
  url =		 {https://www.youtube.com/watch?v=YlggQMFPjKw},
  urldate =	 {27-VII-2024},
}



@online{ Metatron-Barbarians-Is-This-Netflix-Show-ETC-Ver-2020,
  author =	 {Metatron},
  title =	 {Barbarians~-- Is This Netflix Show Historically
                  Accurate?},
  year =	 2020,
  url =		 {https://www.youtube.com/watch?v=YMC-gzAC1FI},
  urldate =	 {27-VII-2024},
}



@online{ Metatron-Black-Washing-History-ETC-Ver-2018,
  author =	 {Metatron},
  title =	 {Black Washing History? Troy~\& BBC Cartoon
                  Debunking},
  year =	 2018,
  url =		 {https://www.youtube.com/watch?v=OZH35n7SxW8},
  urldate =	 {16-VIII-2024},
}



@online{ Metatron-Can-a-Real-Suit-of-Armor-Stop-ETC-Ver-2020,
  author =	 {Metatron},
  title =	 {Can a~Real Suit~of Armor Stop a~Bullet?!?! Debunking
                  Video},
  year =	 2020,
  url =		 {https://www.youtube.com/watch?v=ujBF6d9NkiA},
  urldate =	 {09-VIII-2024},
}



@online{ Metatron-Did-Ancient-Romans-Have-Freedom-of-Speech-Ver-2023,
  author =	 {Metatron},
  title =	 {Did Ancient Romans Have Freedom~of Speech?},
  year =	 2023,
  url =		 {https://www.youtube.com/watch?v=CHalZM8vsgI},
  urldate =	 {21-VIII-2024},
}



@online{ Metatron-Did-The-Spartans-Really-Fight-Naked-Ver-2016,
  author =	 {Metatron},
  title =	 {Did The Spartans Really Fight Naked?},
  year =	 2016,
  url =		 {https://www.youtube.com/watch?v=OZH35n7SxW8},
  urldate =	 {16-VIII-2024},
}



@online{ Metatron-Food-Theory-You-Would-HATE-this-700-Years-ETC-Ver-2023,
  author =	 {Metatron},
  title =	 {Food Theory: You Would HATE this 700 Years Old Meal
                  (Medieval Times) RESPONSE},
  year =	 2023,
  url =		 {https://www.youtube.com/watch?v=OYaIrK6Pou0},
  urldate =	 {21-VIII-2024},
}



@online{ Metatron-Gemini-AI-is-SO-MUCH-WORSE-ETC-Ver-2024,
  author =	 {Metatron},
  title =	 {Gemini~AI is~SO MUCH WORSE Than You Think~--
                  Metatron VS~Gemini~AI},
  year =	 2024,
  url =		 {https://www.youtube.com/watch?v=F16OYpbghBk},
  urldate =	 {18-VIII-2024},
}



@online{ Metatron-Gladiator-2-Official-Trailer-ETC-Ver-2024,
  author =	 {Metatron},
  title =	 {Gladiator~2 Official Trailer: REACTION~-- It's
                  A~Mess!},
  year =	 2024,
  url =		 {https://www.youtube.com/watch?v=MulwPQL-fvk},
  urldate =	 {24-VII-2024},
}



@online{ Metatron-Gladiator-2-Sounds-HORRIBLE-Ver-2024,
  author =	 {Metatron},
  title =	 {Gladiator~2 Sounds HORRIBLE!},
  year =	 2024,
  url =		 {https://www.youtube.com/watch?v=am9jYA6XZZA},
  urldate =	 {27-VII-2024},
}



@online{ Metatron-I-HAD-to-Make-a-Response-to-This-ETC-Ver-2023,
  author =	 {Metatron},
  title =	 {I~HAD to Make a~Response to~This\ldots},
  year =	 2023,
  url =		 {https://www.youtube.com/watch?v=tB263oIlcp4},
  urldate =	 {15-X-2024},
}



@online{ Metatron-Is-the-Black-Jarl-In-Vikings-ETC-Ver-2022,
  author =	 {Metatron},
  title =	 {Is~the Black Jarl In~Vikings Valhalla Historical?
                  The~Truth},
  year =	 2022,
  url =		 {https://www.youtube.com/watch?v=uB27ViMwrQY},
  urldate =	 {20-VIII-2024},
}



@online{ Metatron-Is-The-Northman-The-Most-Historically-ETC-Ver-2022,
  author =	 {Metatron},
  title =	 {Is~The~Northman The Most Historically Accurate
                  Viking Film? Well\ldots},
  year =	 2022,
  url =		 {https://www.youtube.com/watch?v=7Y3yWHaXu9w},
  urldate =	 {09-VIII-2024},
}



@online{ Metatron-Is-Thermae-Romae-Novae-Historically-ETC-Ver-2022,
  author =	 {Metatron},
  title =	 {Is~"Thermae Tomae Novae" Historically Accurate?},
  year =	 2022,
  url =		 {https://www.youtube.com/watch?v=7IUUVenQsJY},
  urldate =	 {17-IX-2024},
}



@online{ Metatron-My-DEFINITIVE-Response-on-Black-Egypt-ETC-Ver-2023,
  author =	 {Metatron},
  title =	 {My~DEFINITIVE Response on~Black Egypt (KueliMika,
                  Mr.~Imotep, TKM)},
  year =	 2024,
  url =		 {https://www.youtube.com/watch?v=RHGpGhW3BMk},
  urldate =	 {21-VIII-2024},
}



@online{ Metatron-My-Response-To-KueliMika-Channel-ETC-Ver-2023,
  author =	 {Metatron},
  title =	 {My~Response To KueliMika Channel On~Black Egyptians},
  year =	 2023,
  url =		 {https://www.youtube.com/watch?v=gdPFJFZrMwM},
  urldate =	 {21-VIII-2024},
}



@online{ Metatron-Netflix-Barbarians-Arminius-Combat-ETC-Ver-2020,
  author =	 {Metatron},
  title =	 {Netflix Barbarians: Arminius' Combat Skill, Does He
                  Fight Like a~Roman?},
  year =	 2020,
  url =		 {https://www.youtube.com/watch?v=7b81XySi2FQ},
  urldate =	 {30-X-2024},
}



@online{ Metatron-Netfilix-Did-it-Again-Was-Hannibal-Barca-ETC-Ver-2023,
  author =	 {Metatron},
  title =	 {Netflix Did it Again! Was Hannibal Barca Black?},
  year =	 2023,
  url =		 {https://www.youtube.com/watch?v=MJen933LUDw},
  urldate =	 {28-VIII-2024},
}



@online{ Metatron-No-MORE-Roman-Wrist-Leather-Bracletes-RANT-Ver-2019,
  author =	 {Metatron},
  title =	 {No~MORE Roman Wrist LEather Bracelets! RANT?},
  year =	 2019,
  url =		 {https://www.youtube.com/watch?v=rKSr816XA_s},
  urldate =	 {15-IX-2024},
}



@online{ Metatron-NYC-Professor-Strikes-Again-and-so-do-I-ETC-Ver-2024,
  author =	 {Metatron},
  title =	 {NYC Professor Strikes AGAIN! (and so do~I)},
  year =	 2024,
  url =		 {https://www.youtube.com/watch?v=B58QiLrrsfc},
  urldate =	 {13-IX-2024},
}



@online{ Metatron-Samurai-Were-ASHAMED-of-Katana-ETC-Ver-2023,
  author =	 {Metatron},
  title =	 {Samurai Were ASHAMED~of Katana, Gladiators Were
                  Obese and Knight Charges Were PATHETIC!},
  year =	 2023,
  url =		 {https://www.youtube.com/watch?v=fXmsk9EqkrA},
  urldate =	 {24-VIII-2024},
}



@online{ Metatron-The-Eagle-Movie-Historical-Evaluation-Ver-2016,
  author =	 {Metatron},
  title =	 {The~Eagle~-- Movie Historical Evaluation},
  year =	 2016,
  url =		 {https://www.youtube.com/watch?v=hTUIiPHIkeo},
  urldate =	 {18-VIII-2024},
}



@online{ Metatron-The-King-Historically-Accurate-ETC-Ver-2019,
  author =	 {Metatron},
  title =	 {The~King~-- Historically Accurate? BRUTALLY Honest
                  Trailer Review},
  year =	 2019,
  url =		 {https://www.youtube.com/watch?v=HmlCQqC27uA},
  urldate =	 {25-VIII-2024},
}



@online{ Metatron-The-Last-Duel-HALF-HELMET-What-On-Earth-ETC-Ver-2021,
  author =	 {Metatron},
  title =	 {The~Last Duel: HALF HELEMT? What On~Earth!?},
  year =	 2021,
  url =		 {https://www.youtube.com/watch?v=HmlCQqC27uA},
  urldate =	 {28-VIII-2024},
}



@online{ Metatron-The-Truth-About-Gay-Marriage-ETC-Ver-2024,
  author =	 {Metatron},
  title =	 {The~Truth About Gay Marriage In~Ancient Times. Did
                  it Exist?},
  year =	 2024,
  url =		 {https://www.youtube.com/watch?v=609QpunHw90},
  urldate =	 {14-IX-2024},
}



@online{ Metatron-The-TRUTH-About-LGBTQ-Plus-in-Ancient-ETC-Ver-2023,
  author =	 {Metatron},
  title =	 {The~TRUTH About LGBTQ+ in~Ancient Greece~-- Once and
                  for all},
  year =	 2023,
  url =		 {https://www.youtube.com/watch?v=GbOKIsMuNWU},
  urldate =	 {14-IX-2024},
}



@online{ Metatron-The-Truth-About-The-Sumerian-Leader-Gilgamesh-Ver-2024,
  author =	 {Metatron},
  title =	 {The~Truth About The~Sumerian Leader Gilgamesh},
  year =	 2024,
  url =		 {https://www.youtube.com/watch?v=lpQSf12VAAM},
  urldate =	 {15-IX-2024},
}



@online{ Metatron-This-NYC-Professor-is-a-COMPLETE-JOKE-Ver-2024,
  author =	 {Metatron},
  title =	 {This NYC Professor is a~COMPLETE JOKE!},
  year =	 2024,
  url =		 {https://www.youtube.com/watch?v=0dD6JtLoomU},
  urldate =	 {11-IX-2024},
}



@online{ Metatron-Top-10-Myths-of-Ancient-Rome-YOU-Thought-ETC-Ver-2022,
  author =	 {Metatron},
  title =	 {Top~10 Myths~of Ancient Rome YOU Thought Were True!},
  year =	 2022,
  url =		 {https://www.youtube.com/watch?v=fZkdpx5mlhQ},
  urldate =	 {18-IX-2024},
}



@online{ Metatron-Top-Roman-Historian-Rates-Famous-ETC-Ver-2022,
  author =	 {Metatron},
  title =	 {Top Roman Historian Rates Famous Movie Scenes RESPONSE},
  year =	 2022,
  url =		 {https://www.youtube.com/watch?v=8W4xUWrzakQ},
  urldate =	 {18-IX-2024},
}



@online{ Metatron-Transgender-Viking-Warrios-ETC-Ver-2024,
  author =	 {Metatron},
  title =	 {Transgender Viking Warriors? DELUSIONAL},
  year =	 2024,
  url =		 {https://www.youtube.com/watch?v=hsOhxfMpT9w},
  urldate =	 {24-VII-2024},
}



@online{ Metatron-Vikings-TV-Series-Historical-Evaluation-Ver-2017,
  author =	 {Metatron},
  title =	 {Vikings TV~Series Historical Evaluation},
  year =	 2017,
  url =		 {https://www.youtube.com/watch?v=tKOJzoq09zM},
  urldate =	 {28-VIII-2024},
}



@online{ Metatron-Women-Warrios-in-History-The-ACTUAL-Truth-Ver-2024,
  author =	 {Metatron},
  title =	 {Women Warrios in~History: The~ACTUAL Truth},
  year =	 2024,
  url =		 {https://www.youtube.com/watch?v=HmlCQqC27uA},
  urldate =	 {25-VIII-2024},
}



@online{ Metatron-Were-The-Ancient-Egyptians-Black-ETC-Ver-2022,
  author =	 {Metatron},
  title =	 {Were The Ancient Egyptians Black? The~TRUTH},
  year =	 2022,
  url =		 {https://www.youtube.com/watch?v=jnGfzEj12mk},
  urldate =	 {20-VIII-2024},
}










@Comment #############################################################
@Comment History of mediterranean region
@Comment #############################################################


@online{ Metatron-How-Did-The-Romans-Defeat-The-Greeks-Ver-2023,
  author =	 {Metatron},
  title =	 {How Did The~Romans Defeat The~Greeks?},
  year =	 2023,
  url =		 {https://www.youtube.com/watch?v=_hrOmaqA4UU},
  urldate =	 {17-IX-2024},
}



@online{ Metatron-Who-Were-The-Carthaginians-ETC-Ver-2023,
  author =	 {Metatron},
  title =	 {Who Were The Carthaginians? The Truth About Rome's
                  Arch-Enemy},
  year =	 2023,
  url =		 {https://www.youtube.com/watch?v=0giYY40b0q8},
  urldate =	 {17-IX-2024},
}










@Comment #############################################################
@Comment History of nordic people
@Comment #############################################################


















@Comment #############################################################
@Comment History of West Euroasia
@Comment #############################################################



@Comment #########################################
@Comment Time form V to XV century
@Comment #########################################










@Comment #########################################
@Comment XIX-XX century
@Comment #########################################


@online{ Wszechnica-FWW-Winston-Churchill-Europa-ETC-Ver-2018,
  author =	 {Wszechnica FWW},
  title =	 {Winston Churchill. Europa-Wielka Brytania-Polska; Dr
                  hab. Michał Leśniewski, prof. Piotr MAjewski},
  year =	 2018,
  url =		 {https://www.youtube.com/watch?v=VkDfpb64bzc},
  urldate =	 {29-X-2024},
}










@Comment #############################################################
@Comment Iran
@Comment #############################################################


@online{ Nowy-Lad-Nowak-Narod-Rewolucji-Czesc-I-ETC-Ver-2021,
  author =	 {Nowy Ład},
  title =	 {Reza Szach Pahlawi~-- kim był twórca nowoczesnego
                  Iranu?; Marcin Krzyżanowski; Naród Rewolucji~\#1},
  year =	 2021,
  url =		 {https://www.youtube.com/watch?v=aywSsaYA5T0},
  urldate =	 {10-VIII-2024},
}



@online{ Nowy-Lad-Narod-Rewolucji-Czesc-II-ETC-Ver-2021,
  author =	 {Nowy Ład},
  title =	 {II~Wojna Światowa w~Iranie i~rządy młodego szacha
                  do~1953; Marcin Krzyżanowski; Naród Rewolucji~\#2},
  year =	 2021,
  url =		 {https://www.youtube.com/watch?v=FhMlkXVUOtE},
  urldate =	 {10-VIII-2024},
}



@online{ Nowy-Lad-Narod-Rewolucji-Czesc-III-ETC-Ver-2021,
  author =	 {Nowy Ład},
  title =	 {Zamach stanu w~1953~-- początek konfliktu USA
                  i~Iranu?; Marcin Krzyżanowski; Naród Rewolucji~\#3},
  year =	 2022,
  url =		 {https://www.youtube.com/watch?v=mc3udrWa2eU},
  urldate =	 {14-VIII-2024},
}



@online{ Nowy-Lad-Narod-Rewolucji-Czesc-IV-ETC-Ver-2023,
  author =	 {Nowy Ład},
  title =	 {44~lata od~Rewolucji Islamskiej w~Iranie. Jak do
                  niej doszło?; Marcin Krzyżanowski Naród Rewolucji~\#4},
  year =	 2023,
  url =		 {https://www.youtube.com/watch?v=bAyXnag1_kI},
  urldate =	 {26-VIII-2024},
}



@online{ Nowy-Lad-Narod-Rewolucji-Czesc-V-ETC-Ver-2024,
  author =	 {Nowy Ład},
  title =	 {Chomeini~-- kim był twórca islamskiego Iranu? Skąd
                  konflikt Iranu z~USA i~Izraelem?; Kacper Kita,
                  Marcin Krzyżanowski},
  year =	 2024,
  url =		 {https://www.youtube.com/watch?v=PRoTlBwkbkw},
  urldate =	 {14-X-2024},
}










@Comment ###############################
@Comment Islamic Republic of Iran
@Comment ###############################













@Comment ##############################################################
@Comment Italy state created in 1870s
@Comment ##############################################################


@online{ Nowy-Lad-Gramsci-mit-i-prawda-Wloski-komunista-ETC-Ver-2024,
  author =	 {Nowy Ład},
  title =	 {Gramsci~-- mit i~prawda. Włoski komunista zbudował
                  potęgę lewicy? Prof. Stefan Bielański},
  year =	 2024,
  url =		 {https://www.youtube.com/watch?v=VmC6colg7S4},
  urldate =	 {08-IX-2024},
}
















@Comment #############################################################
@Comment Japan
@Comment #############################################################


@online{ Bovbjerg-Japanese-history-The-standard-narrative-Ver-2013,
  author =	 {Christoffer Bovbjerg},
  title =	 {Japanese history: The standard narrative},
  url =		 {https://www.youtube.com/watch?v=m0gDqnwJjMQ},
  urldate =	 {20-VII-2024},
  note =	 {Asian Art Museum},
}



@online{ Leupp-Bad-monks-temple-warriors-ETC-Ver-2013,
  author =	 {Gary Leupp},
  title =	 {Bad monks, temple warriors: The spectrum~of Japanese
                  religious history},
  url =		 {https://www.youtube.com/watch?v=1iSd6CkEoAU},
  urldate =	 {20-VII-2024},
  note =	 {Museum~of Fine Arts, Boston},
}













@Comment #############################################################
@Comment Middle East
@Comment #############################################################


@Comment ###############################
@Comment Historia Bliskiego Wschodu
@Comment Podróż bez Paszportu, Paweł Rakowski
@Comment ###############################


@online{ Podroz-bez-Paszportu-Historia-Bliskiego-Wschodu-Ep-I-ETC-Ver-2024,
  author =	 {Podróż bez Paszportu},
  title =	 {Linia na piasku (1915--1919). Historia Bliskiego
                  Wschodu, odc.~1; Paweł Rakowski},
  year =	 2024,
  url =		 {https://www.youtube.com/watch?v=TP6wf3gTjUk},
  urldate =	 {2024-10-30},
}










@Comment #############################################################
@Comment Poland
@Comment #############################################################


@Comment ###############################
@Comment XVII century
@Comment ###############################


@online{ Nowak-Szalenstwo-polskieg-krola-zatrulo-ETC-Ver-2024,
  author =	 {Andrzej Nowak},
  title =	 {Szaleństwo polskiego króla zatruło relacje
                  polsko-ukraińskie},
  year =	 2024,
  url =		 {https://www.youtube.com/watch?v=4UAQnMGOfgI},
  urldate =	 {09-VIII-2024},
}

































































@Comment #############################################################
@Comment Republic of South Africa
@Comment #############################################################


@online{ Podroz-bez-Paszportu-Wojny-Burksie-przyczyny-wybuch-ETC-Ver-2021,
  author =	 {Podróż bez Paszportu},
  title =	 {Wojny Burskie~-- przyczyny, wybuch i~skutki. Geneza
                  pańśtw burckich; Część~I; Prof. Michał Leśniewski},
  year =	 2021,
  url =		 {https://www.youtube.com/watch?v=YG6I42YJC0c},
  urldate =	 {21-X-2024},
}



@online{ Podroz-bez-Paszportu-Historia-RPA-Przemiany-kulturowe-ETC-Ver-2021,
  author =	 {Podróż bez Paszportu},
  title =	 {Historia RPA. Przemiany kulturowe, społczene
                  i~polityczne; Część~II; Prof. Michał Leśniewski},
  year =	 2021,
  url =		 {https://www.youtube.com/watch?v=zHDhS0VQx6M},
  urldate =	 {21-X-2024},
}



@online{ Podroz-bez-Paszportu-Historia-RPA-po-1994-roku-ETC-Ver-2023,
  author =	 {Podróż bez Paszportu},
  title =	 {Historia RPA po~1994 roku. Co z~dziedzictwem
                  Mandeli? Kryzys państwa; Część~III; Prof. Michał
                  Leśniewski},
  year =	 2023,
  url =		 {https://www.youtube.com/watch?v=4g6yJhenxlc},
  urldate =	 {21-X-2024},
}










@Comment #############################################################
@Comment Russia
@Comment #############################################################


@online{ War-Books-Podcast-ETC-Russias-Modern-Wars-Valdimir-ETC-Ver-2024,
  author =	 {War Books Podcast~-- by A.J. Woodhams},
  title =	 {Russia's Modern Wars~-- Vladimir Putin; Mark
                  Galeotti},
  year =	 2024,
  url =		 {https://www.youtube.com/watch?v=a-kNEso4ypM},
  urldate =	 {31-X-2024},
}










@Comment #############################################################
@Comment United States of America
@Comment #############################################################


@Comment ###############################
@Comment Civil War, 1861-1865
@Comment ###############################


@online{ Gallagher-Robert-E-Lee-Confronts-Defeat-ETC-Ver-2009,
  author =	 {Gary W. Gallagher},
  title =	 {Robert E. Lee Confronts Defeat},
  year =	 2009,
  url =		 {https://www.youtube.com/watch?v=bCLPb_bUjCE},
  urldate =	 {16-VIII-2024},
  note =	 {Washington and Lee University},
}