@Comment #############################################################
@Comment #############################################################
@Comment #############################################################
DEUS
@Comment #############################################################
@Comment #############################################################
@Comment #############################################################



@Comment ###############################
ARTYKU≈ÅY
@Comment ###############################


@article{ AustriacoTheologicalFittingness2015,
  author =	 {Nicanor Pier Giorgio Austriaco, O.P.},
  title =	 {A~Theological Fittingness Argument
		  for~the~Historicity~of the~Fall~of \emph{Homo
		  Sapiens}},
  journal =	 {Nova et Vetera, English Edition},
  year =	 2015,
  volume =	 13,
  number =	 3,
  pages =	 {651--667},
}

@article{ DewanStThomasNormanKretzmann2006,
  author =	 {Lawrence Dewan, O.P.},
  title =	 {St.~Thomas, Norman Kretzmann, and Divine Freedom
		  in~Creating},
  journal =	 {Nova et~Vetera, English Edition},
  year =	 2006,
  volume =	 4,
  number =	 3,
  pages =	 {495--514},
}

@Comment @article{ DewanStThomasNormanKretzmann2006,
@Comment   author =	 {Lawrence Dewan, O.P.},
@Comment   title =	 {St.~Thomas, Norman Kretzmann, and Divine Freedom
@Comment                   in~Creating},
@Comment   journal =	 {Nova et~Vetera, English Edition},
@Comment   year =	 2006,
@Comment   volume =	 4,
@Comment   number =	 3,
@Comment   pages =	 {495--514},
@Comment }

@article{ FarrowBackingBricksForBabel2010,
  author =	 {Guy Mansini, O.S.B.},
  title =	 {Lonergan on~the~Natural Desire in~the~Light~of
		  Feingold},
  journal =	 {Nova et~Vetera, English Edition},
  year =	 2007,
  volume =	 5,
  number =	 1,
  pages =	 {185--198},
}
