@Comment #############################################################
@Comment #############################################################
@Comment #############################################################
DEUS
@Comment #############################################################
@Comment #############################################################
@Comment #############################################################



@Comment ###############################
ARTYKUŁY
@Comment ###############################


@article{ AustriacoTheologicalFittingness2015,
  author =	 {Nicanor Pier Giorgio Austriaco, O.P.},
  title =	 {A~Theological Fittingness Argument
		  for~the~Historicity~of the~Fall~of \emph{Homo
		  Sapiens}},
  journal =	 {Nova et Vetera, English Edition},
  year =	 2015,
  volume =	 13,
  number =	 3,
  pages =	 {651--667},
}

@article{ DewanStThomasNormanKretzmann2006,
  author =	 {Lawrence Dewan, O.P.},
  title =	 {St.~Thomas, Norman Kretzmann, and Divine Freedom
		  in~Creating},
  journal =	 {Nova et~Vetera, English Edition},
  year =	 2006,
  volume =	 4,
  number =	 3,
  pages =	 {495--514},
}

@Comment @article{ DewanStThomasNormanKretzmann2006,
@Comment   author =	 {Lawrence Dewan, O.P.},
@Comment   title =	 {St.~Thomas, Norman Kretzmann, and Divine Freedom
@Comment                   in~Creating},
@Comment   journal =	 {Nova et~Vetera, English Edition},
@Comment   year =	 2006,
@Comment   volume =	 4,
@Comment   number =	 3,
@Comment   pages =	 {495--514},
@Comment }

@article{ FarrowBackingBricksForBabel2010,
  author =	 {Guy Mansini, O.S.B.},
  title =	 {Lonergan on~the~Natural Desire in~the~Light~of
		  Feingold},
  journal =	 {Nova et~Vetera, English Edition},
  year =	 2007,
  volume =	 5,
  number =	 1,
  pages =	 {185--198},
}







@Comment #############################################################
@Comment #############################################################
HISTORIA ŚWIĘTEJ WIARY
@Comment #############################################################
@Comment #############################################################






@Comment #############################################################
@Comment #############################################################
FILOZOFIA
@Comment #############################################################
@Comment #############################################################



@Comment ###############################
WIELCY FILOZOFOWIE
@Comment ###############################










@Comment ###############################
WAŻNI FILOZOFOWIE
@Comment ###############################





@Comment ###############################
FILOZOFIA I WIARA
@Comment ###############################




@Comment ###############################
DZIEŁA FILOZOFICZNE
@Comment ###############################









@Comment ###############################
ETYKA
@Comment ###############################






@Comment ###############################
FILOZOFIA I POLITYKA
@Comment ###############################








@Comment ###############################
ANALIZY FILOZOFII I KULTUR
@Comment ###############################








@Comment ###############################
HISTORIA FILOZOFII
@Comment ###############################












@Comment ###############################
FILOZOFIA I NAUKA ORAZ FILOZOFUJĄCY NAUKOWCY
@Comment ###############################












@Comment ###############################
FILOZOFIA WRAZ Z INNYMI NAUKAMI
@Comment ###############################

























@Comment #############################################################
@Comment #############################################################
HISTORIA POLSKI
@Comment #############################################################
@Comment #############################################################







@Comment ###############################
HISTORIA POLSKI 1788-1920 R.
@Comment ###############################







@Comment ###############################
HISTORIA POLSKI PO 1914 R.
@Comment ###############################








@Comment ###############################
HISTORIA POLSKI 1944-1989 R.
@Comment ###############################







@Comment ###############################
HISTORIA POLSKI 1939-1989
@Comment ###############################








@Comment ###############################
HISTORIA POLSKI PO 1939 R.
@Comment ###############################







@Comment ###############################
HISTORIA POLSKI PO 1989 R.
@Comment ###############################







@Comment ###############################
HISTORIA POLSKI -- BIOGRAFIE
@Comment ###############################







@Comment ###############################
HISTORIA POLSKI -- ZBIOR ARTYKUŁÓW
@Comment ###############################







@Comment #############################################################
@Comment #############################################################
POLSKA KULTURA
@Comment #############################################################
@Comment #############################################################





















@Comment ###############################
HISTORIA I FILOZOFIA NAUKI
@Comment ###############################


@article{ WalczakCzyMozliwaJest16,
  author =	 "Monika Walczak",
  title =	 {{Czy~możliwa jest wiedza interdyscyplinarna?}},
  journal =	 {{Zagadnienie naukoznawstwa. Kwartalnik}},
  volume =	 {{LII~zeszyt 1~(207)}},
  pages =	 {{113--126}},
  year =	 2016,
}





@Comment ###############################
ARTYKUŁY RÓŻNE
@Comment ###############################


@article{ Madela122,
  author =	 "Andrzej Madela",
  title =	 {{W~cieniu Norymbergi. Niemcy Zachodnie lat
		  1945--1955 wobec denazyfikacji}},
  journal =	 "ARCANA",
  volume =	 122,
  pages =	 {{74--92}},
  year =	 2015,
}

@article{ Tisonczyk123,
  author =	 "Tomasz Tisończyk",
  title =	 {{\emph{Haiku} na~zaliczenie}},
  year =	 2015,
  journal =	 "ARCANA",
  volume =	 123,
  pages =	 {{180--186}},
}

@article{ Zachenter124,
  author =	 "Anna Zachenter",
  title =	 {{Wrzesień 1939 roku w~oczach współczesnych Niemców}},
  journal =	 "ARCANA",
  volume =	 124,
  pages =	 {{54--64}},
  year =	 2015,
}

@article{ AKarc124,
  author =	 "Agnieszka Kurnik",
  title =	 {{,,Gra resztkami'' jako substytut kultury}},
  journal =	 "ARCANA",
  volume =	 124,
  pages =	 {{102--112}},
  year =	 2015,
}

@article{ Gruchala125,
  author =	 "Wojciech Gruchała",
  title =	 {{Kiedy przestaliśmy czytać Żeromskiego?}},
  year =	 2015,
  journal =	 "ARCANA",
  volume =	 125,
  pages =	 {{18--30}},
}

@article{ Gabis125,
  author =	 "Tomasz Gabiś",
  title =	 {{Powitajmy uchodźców z~Europy Zachodniej!}},
  year =	 2015,
  journal =	 "ARCANA",
  volume =	 125,
  pages =	 {{52--63}},
}

@article{ Tolczyk125,
  author =	 "Dariusz Tołczyk",
  title =	 {{Dlaczego Sołżenicyn? Spóźnione odkrycie Gułagu
		  na~Zachodzie.}},
  journal =	 "ARCANA",
  volume =	 125,
  pages =	 {{111--136}},
  year =	 2015,
}














@Comment #############################################################
NA RAZIE NIE UMIEM TEGO SKLASYFIKOWAĆ
@Comment #############################################################


@book{ ChodakiewiczTransformacjaCzyNiepodleglosc2014,
  author =	 "Marek Jan Chodakiewicz",
  title =	 {{Transformacja czy~niepodległość?}},
  publisher =	 {{PATRIA MEDIA}},
  address =	 {{Kraków}},
  year =	 2014,
  edition =	 {{I}},
  note =	 {{Wstęp, wybór i~opracowanie tekstów: Adam
		  Chmielnicki}},
}