@Comment #############################################################
@Comment #############################################################
PHILOSOPHIAE NATURALIS -- ARTYKUŁY
@Comment #############################################################
@Comment #############################################################



@Comment #############################################################
@Comment #############################################################
FIZYKA
@Comment #############################################################
@Comment #############################################################



@Comment #############################################################
FIZYKA CZASOPRZESTRZENI -- ARTYKUŁY
@Comment #############################################################


@article{ HerdegenFlatSpacetimeInCapsule2009,
  author =	 {Herdegen, Andrzej},
  title =	 {Flat spacetime in~a~capsule},
  journal =	 {{}},
  year =	 2009,
  archivePrefix ={arXiv},
  eprint =	 {0905.4386v2},
  primaryClass = {physics.class-ph},
}




@Comment #############################################################
MECHANIKA KLASYCZNA -- ARTYKUŁY
@Comment #############################################################


@Comment ###############################
MATEMATYCZNA MECHANIKA KLASYCZNA -- ARTYKUŁY
@Comment ###############################


@article{ WilkinsonNonExistencePhysicalSolutionsToRigidBody2015,
  author =	 {Mark Wilkinson},
  title =	 {Non-existence~of Physical Classical Solutions
		  to~Euler's Equations of Rigid Body Dynamics},
  journal =	 {{}},
  year =	 2015,
  archivePrefix ={arXiv},
  eprint =	 {1506.04860v2},
  primaryClass = {math-ph},
}





@Comment #############################################################
MECHANIKA KWANTOWA I POWIĄZANE PROBLEMY -- ARTYKUŁY
@Comment #############################################################


@Comment ###############################
MECHANIKA KWANTOWA I FILOZOFIA -- ARTYKUŁY
@Comment ###############################


@article{ dEspagnatConsciousnessWignerFriendProblem2005,
  author =	 {d'Espagnat, Bernard},
  title =	 {Consciousness and the Wigner's friend problem},
  year =	 2005,
  journal =	 {Foundations~of Physics},
  volume =	 35,
  pages =	 1943,
  doi =		 {10.1007/s10701-005-8656-1},
  archivePrefix ={arXiv},
  eprint =	 {0402121v2},
  primaryClass = {quant-ph},
}





@Comment #############################################################
FIZYKA FAZY SKONDENSOWANEJ -- ARTYKUŁY
@Comment #############################################################


@article{ RycerzMagnetoconductanceOfTheCarbinoDiskGraphene2010,
  author =	 {Rycerz, Adam},
  title =	 {Magnetoconductance~of the~Corbino disk in~graphene},
  year =	 2010,
  month =	 {Mar},
  journal =	 {Phys. Rev. B},
  volume =	 81,
  issue =	 12,
  pages =	 121404,
  numpages =	 4,
  publisher =	 {American Physical Society},
  doi =		 {10.1103/PhysRevB.81.121404},
  url =		 {https://link.aps.org/doi/10.1103/PhysRevB.81.121404},
  archivePrefix ={arXiv},
  eprint =	 {0909.3018v2},
  primaryClass = {cond-mat.mes-hall},
}

@article{PhysRevB.87.134519,
  author =	 {Qi, Xiao-Liang and Witten, Edward and Zhang,
		  Shou-Cheng},
  title =	 {Axion topological field theory of topological
		  superconductors},
  year =	 2013,
  month =	 {Apr},
  journal =	 {Phys. Rev. B},
  volume =	 87,
  issue =	 13,
  pages =	 134519,
  numpages =	 10,
  publisher =	 {American Physical Society},
  doi =		 {10.1103/PhysRevB.87.134519},
  url =		 {https://link.aps.org/doi/10.1103/PhysRevB.87.134519},
  archivePrefix ={arXiv},
  eprint =	 {1206.1407v2},
  primaryClass = {cond-mat.supr-con},
}





@Comment #############################################################
HYDRODYNAMIKA, DYNAMIKA PŁYNÓW -- ARTYKUŁY
@Comment #############################################################


@Comment ###############################
TURBULENCJE -- ARTYKUŁY
@Comment ###############################


@article{ FrishmanFalkovichNewTypeOfAnomalyInTubulence2014,
  author =	 {Frishman, Anna and Falkovich, Gregory},
  title =	 {New type~of anomaly in~tubulence},
  year =	 2014,
  journal =	 {Phys. Rev. Lett.},
  volume =	 113,
  pages =	 024501,
  archivePrefix ={arXiv},
  eprint =	 {1401.6141v3},
  primaryClass = {nlin.CD},
}





@Comment #############################################################
QFT -- ARTICLES
@Comment #############################################################


@Comment ###############################
ELEKTRODYNAMIKA KWANTOWA, PRACE MATEMATYCZNE -- ARTYKUŁY
@Comment ###############################


@article{ HerdegenAsymptoticAlgebraOfQED2004,
  author =	 {Andrzej Herdegen},
  title =	 {Asymptotic algebra~of quantum electrodynamics},
  year =	 2004,
  journal =	 {Acta Phys. Polon.~B},
  volume =	 36,
  pages =	 {35-58},
  archivePrefix ={arXiv},
  eprint =	 0412058,
  primaryClass = {hep-th},
}





@Comment ###############################
ALGEBRAIC QFT -- ARTYKUŁY
@Comment ###############################


@article{ BrunettiFredenhagen09,
  author =	 "R. Brunetti and K. Fredenhagen",
  title =	 {{Quantum Field Theory on Curved Backgrounds}},
  year =	 2009,
  journal =	 {{}},
  archivePrefix ={arXiv},
  eprint =	 {0901.2063v1},
  primaryClass = "gr-qc",
}

@article{ BrunettiFredenhagenVerch03,
  author =	 {Brunetti, R., Fredenhagen, K. and Verch, R.},
  title =	 {{The~Generally Covariant Locality Principle --~A~New
		  Paradigm for Local Quantum Field Theory}},
  year =	 2003,
  journal =	 {Commun. Math. Phys.},
  volume =	 237,
  pages =	 {31-68},
  doi =		 {https://doi.org/10.1007/s00220-003-0815-7},
  archivePrefix ={arXiv},
  eprint =	 {0112.041v1},
  primaryClass = {math-th},
}

@article{ BuchholzPhysicalStateSpaceOfEQD1982,
  author =	 "Detlev Buchholz",
  title =	 {{The Physical State Space of Quantum Electrodynamics}},
  year =	 1982,
  journal =	 "Commun. Math. Phys.",
  volume =	 85,
  pages =	 {{49--71}}
}

@article{ FredenhagenRejznerPerturbativeAlgebraicQFT2012,
  author =	 {Fredenhagen, Klaus and Rejzner, Katarzyna},
  title =	 {Perturbative algebraic quantum field theory},
  year =	 2012,
  journal =	 {{}},
  archivePrefix ={arXiv},
  eprint =	 {1208.1428v2},
  primaryClass = {math-ph},
}

@article{ KellerDimensionalREgularizationPositionSpace2010,
  author =	 {Kai Johannes Keller},
  title =	 {Dimensional Regularization in Position Space
		  and~a~Forest Formula for Regularized Epstein-Glaser
		  Renormalization},
  year =	 2010,
  journal =	 {{}},
  archivePrefix ={arXiv},
  eprint =	 {1006.2148v1},
  primaryClass = {math-ph},
  note =	 {PhD thesis},
}

@article{ RejznerBatalinVilkoviskyInLocallyCovariantFT2011,
  author =	 {Katarzyna Rejzner},
  title =	 {Batalin-Vilkovisky formalism in~locally covariant
		  field theory},
  journal =	 {{}},
  archivePrefix ={arXiv},
  eprint =	 {1111.5130v2},
  primaryClass = {math-ph},
  year =	 2011,
  note =	 {PhD thesis},
}





@Comment #####################
ALGEBRAIC QFT AND GENERAL RELATIVITY -- ARTICLES
@Comment #####################


@article{ColliniMorettiPinamontiTunellingPhi3OneLoop2014,
  author =	 {Collini, Giovanni and Moretti, Valter and Pinamonti,
		  Nicola},
  year =	 2014,
  title =	 {``Tunnelling'' Black-Hole Radiation with $\phi^{ 3
		  }$ Self-Interaction: One-Loop Computation
		  for~Rindler Killing Horizons},
  journal =	 {Letters in~Mathematical Physics},
  volume =	 104,
  issue =	 2,
  pages =	 {217--232},
  doi =		 {10.1007/s11005-013-0663-0},
  archivePrefix ={arXiv},
  eprint =	 {1302.5253v5},
  primaryClass = {gr-qc},
}

@article{FredenhagenHaagDerivationOfHawkingRadiation1990,
  author =	 {Fredenhagen, Klaus and Haag, Rudolf},
  year =	 1990,
  month =	 {Feb},
  title =	 {On~the~derivation~of Hawking radiation associated
		  with the~formation~of a~black hole},
  journal =	 {Communications in Mathematical Physics},
  volume =	 127,
  pages =	 {273-284},
  doi =		 {10.1007/BF02096757}
}

@article{MorettiPinamontiStateIndependenceTuneelingBlackHole2012,
  author =	 {Moretti, Valter and Pinamonti, Nicola},
  year =	 2012,
  title =	 {State independence for~tunnelling processes through
		  black hole horizons and~Hawking radiation},
  journal =	 {Communications in Mathematical Physics},
  volume =	 309,
  issue =	 2,
  pages =	 {295--311},
  doi =		 {10.1007/s00220-011-1369-8},
  archivePrefix ={arXiv},
  eprint =	 {1011.2994},
  primaryClass = {gr-qc},
}





@Comment ###############################
EFEKT CASIMIRA
@Comment ###############################


@Comment #####################
EFEKT CASIMIRA TEORIA
@Comment #####################


@article{ CasimirOnTheAttractionBetween1948,
  author =	 {Hendrik Brugt Gerhard Casimir},
  title =	 {On~the~Attraction Between Two Perfectly Conducting
                  Plates},
  journal =	 {Indag. Math.},
  year =	 1948,
  volume =	 10,
  pages =	 {261--263},
  note =	 {[Kon. Ned. Akad. Wetensch. Proc.100N3-4, 61 (1997)]},
  SLACcitation = "%%CITATION = IMTHB,10,261;%%"
}

@article{ DappiaggiNosariPianamontiCasimirEffectAlgebraic2016,
  author =	 {Dappiaggi, Claudio and Nosari, Gabriele and
                  Pinamonti, Nicola},
  title =	 {The Casimir effect from the point of view of
                  algebraic quantum field theory},
  journal =	 {Math. Phys. Anal. Geom.},
  year =	 2016,
  volume =	 19,
  number =	 2,
  pages =	 12,
  doi =		 {10.1007/s11040-016-9216-y},
  archivePrefix ={arXiv},
  eprint =	 {1412.1409},
  primaryClass = {math-ph},
  SLACcitation = "%%CITATION = ARXIV:1412.1409;%%",
}

@article{ FermiPizzoccheroLocalCasimirPointImpurity2017,
  author =	 {Fermi, Davide and Pizzocchero, Livio},
  title =	 {Local Casimir Effet for~a~Scalar Field
                  in~Presence~of a~Point Impurity},
  year =	 2017,
  journal =	 {{}},
  archivePrefix ={arXiv},
  eprint =	 {1712.10039},
  primaryClass = {math-ph},
}

@article{ HerdegenNononsensCasimirForce2001,
  author =	 {Andrzej Herdegen},
  title =	 {No-nonsens Casimir force},
  journal =	 {Acta Phys. Polon.},
  year =	 2001,
  volume =	 {B32},
  pages =	 {55--65},
  archivePrefix ={arXiv},
  eprint =	 {0008.207v2},
  primaryClass = {hep-th},
}

@article{ HerdegenQuantumBackreationI2005,
  author =	 {Andrzej Herdegen},
  title =	 {{Quantum backreaction (Casimir) effect~I. What are
                  admissible idealizations?}},
  journal =	 {Ann. Henri Poincare},
  year =	 2005,
  volume =	 6,
  pages =	 {657--695},
  doi =		 {10.1007/s00023-005-0219-7},
  archivePrefix ={arXiv},
  eprint =	 {0412.132v1},
  primaryClass = {hep-th},
  SLACcitation = {%%CITATION = ARXIV:0412.132v1;%%},
}

@article{ Herdegen06,
  author =	 "Andrzej Herdegen",
  year =	 2006,
  title =	 {{Quantum backreaction (Casimir) effect II. Scalar
		  and electromagnetic fields}},
  journal =	 "Ann. H. Poincare",
  volume =	 7,
  pages =	 {{253--301}},
  archivePrefix ="arXiv",
  eprint =	 "0507.023v1",
  primaryClass = "hep-th",
}

@article{ HerdegenStopaGlobalVsLocal2010,
  author =	 {Herdegen, Andrzej and Stopa, Mariusz},
  title =	 {Global vs~local Casimir effect},
  journal =	 {Ann. Henri Poincare},
  year =	 2010,
  volume =	 11,
  pages =	 {1171--1200},
  doi =		 {https://doi.org/10.1007/s00023-010-0053-4},
  archivePrefix ={arXiv},
  eprint =	 {1007.2139v1},
  primaryClass = {hep-th},
  SLACcitation = {%%CITATION = ARXIV:1007.2139v1;%%},
}

@article{ JancoviciSamajCasimirForce2005,
  author =	 {B. Jancovici and L. Samaj},
  title =	 {Casimir force between two ideal-conductor walls
		  revisited},
  journal =	 {EPL (Europhysics Letters)},
  year =	 2005,
  volume =	 72,
  number =	 1,
  pages =	 35,
  url =		 {http://stacks.iop.org/0295-5075/72/i=1/a=035},
}

@article{ MintchevRagoucyAlgebraicApproachMultipleDefectsLineCasimir2007,
  author =	 {M.~Mintchev and E.~Ragoucy},
  title =	 {Algebraic approach to~multiple defects on~the~line
		  and~application to~Casimir force},
  journal =	 {J. Phys. A},
  year =	 2007,
  volume =	 40,
  pages =	 9515,
  doi =		 {10.1088/1751-8113/40/31/025},
  archivePrefix ={arXiv},
  eprint =	 {0705.1322v1},
  primaryClass = {hep-th},
}

@article{ ScardicchioCasimirDynamics2005,
  author =	 {Antonello Scardicchio},
  title =	 {Casimir dynamics: Interactions~of surfaces with
		  codimension $>1$ due to`quantum fluctuations},
  journal =	 {Phys. Rev. D},
  year =	 2005,
  month =	 {Sep},
  volume =	 72,
  issue =	 6,
  pages =	 065004,
  numpages =	 10,
  publisher =	 {American Physical Society},
  doi =		 {10.1103/PhysRevD.72.065004},
  url =		 {https://link.aps.org/doi/10.1103/PhysRevD.72.065004},
  archivePrefix ={arXiv},
  eprint =	 {0503170v2},
  primaryClass = {hep-th},
  SLACcitation = {%%CITATION = ARXIV:0503170v2;%%}
}





@Comment #####################
EFEKT CASIMIRA EKSPERYMENTY -- ARTYKUŁY
@Comment #####################


@article{ LambrechtReynaudCasimirEffect2012,
  author =	 "Astrid Lambrech and Serge Reynaud",
  title =	 {{Casimir Effect: Theory and Experiments}},
  journal =	 "Internationa Journual~of Modern Physics~A",
  year =	 2012,
  volume =	 27,
  number =	 15,
  doi =		 {https://doi.org/10.1142/S0217751X12600135},
  archivePrefix ="arXiv",
  eprint =	 "1112.1301",
  primaryClass = "quant-ph",
  SLACcitation = "%%CITATION = ARXIV:1112.1301;%%"
}

@article{ SparnaayMeasurmentsOfAttractiveForcesFlatePlates1958,
  author =	 "M. J. Sparnaay",
  title =	 {{Measurements of attractive forces between flat
		  plates}},
  journal =	 "Physica",
  volume =	 24,
  pages =	 {{751--764}},
  year =	 1958,
}





@Comment #####################
EFEKT CASIMIRA TEORIA -- PRACE PRZEGLĄDOWE
@Comment #####################


@article{ BordagMohideenMostepanenkoNewDevelopmentsCasimirEffect2001,
  author =	 {Bordag, M. and Mohideen, U. and Mostepanenko,
		  V. M.},
  title =	 {New delepoments in~the~Casimir effect},
  journal =	 {Physics Reports},
  year =	 2001,
  volume =	 353,
  number =	 {1--3},
  pages =	 {1--205},
  doi =		 {10.1016/S0370-1573(01)00015-1},
  archivePrefix ={arXiv},
  eprint =	 0106045,
  primaryClass = {quant-ph},
  SLACcitation = {%%CITATION = ARXIV:0106045;%%},
}





@Comment ###############################
RENORMALIZACJA BOGOLIUBOVA-EPSTEINA-GLASERA -- ARTYKUŁY
@Comment ###############################


@article{ LangeEpsteinGlaserPQFTGraphsHopfAlgebras2005,
  author =	 {Alexander Lange},
  title =	 {The~Epstein-Glaser approach to~pQFT: graphs and~Hopf
		  algebras},
  journal =	 {J. Math. Phys.},
  year =	 2001,
  volume =	 46,
  pages =	 062304,
  doi =		 {10.1063/1.1893215},
  archivePrefix ={arXiv},
  eprint =	 0403246,
  primaryClass = {hep-th},
}





@Comment #########################################
TEORIA STRUN
@Comment #########################################


@article{ SchwarzStringTheoryEarlyYears2000,
  author =	 {John H.~Schwarz},
  title =	 {String Theory: The~Early Years},
  journal =	 {{}},
  year =	 2000,
  archivePrefix ={arXiv},
  eprint =	 {0007.118.v3},
  primaryClass = {hep-th},
}

@article{ Susskind70,
  author =	 {Leonard Susskind},
  title =	 {Dual-Symmetric Theory~of Hadrons. --~I},
  journal =	 {Il~Nuovo Cimento},
  year =	 1970,
  volume =	 {LXIX A},
  pages =	 {457--496},
}





@Comment #############################################################
OGÓLNA TEORIA WZGLĘDNOŚCI -- ARTYKUŁY
@Comment #############################################################


@Comment ###############################
FIZYKA CZARNYCH DZIUR -- ARTYKUŁY
@Comment ###############################


@article{ BekensteinBlackHolesAndEntropy1973,
  author =	 {Jacob D. Bekenstein},
  title =	 {Black Holes and~Entropy},
  journal =	 {Phys. Rev. D},
  year =	 1973,
  volume =	 7,
  pages =	 {2333--2346},
}

@article{ BardeenCarterHawkingFourLawsOfBHMechanics1973,
  author =	 {Bardeen, James M. and Carter, Brandon and Hawking,
		  Stephen W.},
  title =	 {The~Four Law~of Black Hole Mechanics},
  journal =	 {Commun. math. Phys.},
  year =	 1973,
  volume =	 31,
  pages =	 {161--170},
}

@article{ HawkingParticleCreationByBlackHole1975,
  author =	 {Stephen W. Hawking},
  title =	 {Particle Creation by~Black Holes},
  journal =	 {Commun. math. Phys.},
  year =	 1975,
  volume =	 43,
  pages =	 {199--220}
}





@Comment ###############################
OTW CIĘŻKO TO SKLASYFIKOWAĆ
@Comment ###############################


@article{ ChruscielPaetzMassOfLightCones2014,
  author =	 {Chruściel, Piotr T. and Paetz, Tim-Torben},
  title =	 {The~mass~of light-cones},
  journal =	 {Class. Quantum Grav.},
  year =	 2014,
  volume =	 31,
  pages =	 102001,
  doi =		 {10.1088/0264-9381/31/10/102001},
  archivePrefix ={arXiv},
  eprint =	 {1401.3789v2},
  primaryClass = {gr-qc},
}























@Comment ###############################
INNE. NIEUPORZĄDKOWANE.
@Comment ###############################


@article{ Chan01,
  author =	 {{H. B. Chan and V. A. Aksyuk and R. N. Kleiman and
		  D. J. Bishop and Federico Capasso}},
  title =	 {{Quantum Mechanical Actuation of
		  Microelectromechanical Systems by the Casimir
		  Force}},
  year =	 2001,
  journal =	 "Science",
  volume =	 297,
  pages =	 1941
}

@article{ Kus12,
  author =	 "P. Kusek",
  year =	 2012,
  title =	 {{Transformacje Bogolubowa w układach kwantowych}},
  journal =	 {{}},
  volume =	 {{}},
  pages =	 {{}},
}

@article{ SWM98,
  author =	 {{F. Michael Serry and Dirk Walliser and G. Jordan
		  Maclay}},
  title =	 {{The role of the casimir effect in the static
		  deflection and stiction of membrane strips in
		  microelectromechanical systems (MEMS)}},
  year =	 1998,
  journal =	 "J. Appl. Phys.",
  volume =	 84,
  pages =	 2501
}































































@Comment #############################################################
FIZYKA MATEMATYCZNA
@Comment #############################################################









@article{ Carter68,
  author =	 "B. Carter",
  title =	 {{Hamilton-Jacobi and Schrodinger Separable Solutions
		  of Einstein's Equation}},
  journal =	 "Commun. math. Phys.",
  year =	 1968,
  volume =	 10,
  pages =	 "280--310"
}

@article{ DBHPS08,
  author =	 {{G. H. E. Duchamp and P. Blasiak and A. Horzela and
		  K. A. Penson and A. I. Solomon}},
  title =	 {{Hopf Algebras in General and in Combinatorial
		  Physics: a practical introduction}},
  archivePrefix ="arXiv",
  eprint =	 "0802.0249v1",
  primaryClass = "quant-ph",
  year =	 2008,
  journal =	 {{}},
}

@article{ GraciaBondia03,
  author =	 "J. M. Gracia-Bondia",
  title =	 {{Improved Epstein-Glaser renormalization in
		  coordinate space I. Euclidean framework}},
  year =	 2003,
  journal =	 "Math. Phys. Anal. Geom",
  volume =	 6,
  pages =	 "59--88",
  archivePrefix ="arXiv",
  eprint =	 "0202.023v1",
  primaryClass = "hep-th",
}

@article{ SummersPrespectiveOnConstructiveQFT12,
  author =	 {Stephen J. Summers},
  title =	 {A~Perspective on~Constructive Quantum Field Theory},
  year =	 2012,
  journal =	 {{}},
  archivePrefix ={arXiv},
  eprint =	 {1203.3991v1},
  primaryClass = {math-ph},
}

@article{ Witten89,
  author =	 "E. Witten",
  year =	 1989,
  title =	 {{Quantum Field Theory and the Jones Polynomial}},
  journal =	 "Commun. Math. Phys.",
  volume =	 121,
  pages =	 "351--399"
}




@Comment ###############################
MATEMATYCZNE PODEJŚCIE DO UKŁADÓW Z WIĘZAMI
@Comment ###############################


@article{ GiachettaEtAlLagrangianHamiltonianOnSubmanifolds2006,
  author =	 {G. Giachetta and L. Mangiarotti and G.
		  Sardanashvily},
  title =	 {Lagrangian and~Hamiltonian dynamics~of submanifolds},
  year =	 2006,
  journal =	 {{}},
  archivePrefix ={arXiv},
  eprint =	 0604066,
  primaryClass = {math-ph},
}



@Comment ###############################
MATEMATYCZNA OGÓLNA TEORIA WZGLĘDNOŚCI
@Comment ###############################


@article{ NatarioRelativityAndSingularities2005,
  author =	 {Jos\acute{e} Nat\acute{a}rio},
  title =	 {Relativity and~Singularities --~A~Short Introduction
                  for~Mathematicians},
  year =	 2005,
  journal =	 {Resenhas},
  volume =	 6,
  pages =	 {309--335},
  archivePrefix ={arXiv},
  eprint =	 {0603190v4},
  primaryClass = {math.DG},
}





@Comment ###############################
ALGEBRAICZNA QFT
@Comment ###############################


@article{ BrunettiDutchFredenhagenVerch09,
  author =	 {{R. Brunetti and M. D\"{u}tsch and K. Fredenhagen
		  and R. Verch}},
  title =	 {{Perturbative Algebraic Quantum Field Theory and the
		  Renormalization Groups}},
  archivePrefix ="arXiv",
  eprint =	 "0901.2038v2v1",
  primaryClass = "math-th",
  year =	 2009,
  journal =	 {{}},
}

@article{ BrunettiFredenhagen00,
  author =	 "R. Brunetti, K. Fredenhagen",
  title =	 {{Microlocal Analysis and Interacting Quantum Field
		  Theories: Renormalization on Physical Backgrounds}},
  year =	 2000,
  journal =	 "Commun. Math. Phys.",
  volume =	 208,
  pages =	 "623--661",
  archivePrefix ="arXiv",
  eprint =	 "9903.028v1",
  primaryClass = "math-ph",
}

@article{ Dimock80,
  author =	 "J. Dimock",
  title =	 {{Algebras of Local Observables on a Manifold}},
  year =	 1980,
  journal =	 {{Commun. Math. Phys.}},
  volume =	 77,
  pages =	 "219--228"
}





@Comment ###############################
GEOMETRIA NIEPRZEMIENNA I FIZYKA -- ARTYKUŁY
@Comment ###############################


@article{ GraciaBondiaNGCAndFundamentalInteractionsFirst10Years2002,
  author =	 {Jose M. Gracia-Bondia},
  title =	 {Noncommutative geometry and~fundamental
		  interactions: the~first ten years},
  year =	 2002,
  journal =	 {Annalen Phys.},
  volume =	 11,
  pages =	 {479-495},
  doi =		 {10.1142/S0217751X12600135},
  archivePrefix ={arXiv},
  eprint =	 {0206006v2},
  primaryClass = {hep-th},
}





@Comment #############################################################
HISTORIA NAUKI
@Comment #############################################################


@article{ SchwingerGreeningQFT1993,
  author =	 {Julian Schwinger},
  title =	 {The~Greening~of Quantum Field Theory: George and~I},
  year =	 1993,
  journal =	 {{}},
  archivePrefix ={arXiv},
  eprint =	 {9310283v1},
  primaryClass = {hep-ph},
}

@article{ WittenEinsteinBergmann14,
  author =	 "E. Witten",
  title =	 {{A Note On Einsten, Bergmann, and the Fifth
		  Dimesion}},
  year =	 2014,
  archivePrefix ="arXiv",
  eprint =	 "1401.8048v1",
  primaryClass = "hist-ph",
  journal =	 {{}},
}





@Comment ###############################
NIEWIEM GDZIE TO DAĆ
@Comment ###############################


@article{ DateLecturesOnConstrainedSystems2010,
  author =	 {Ghanashyam Date},
  title =	 {Lectures on~Constrained Systems},
  journal =	 {{}},
  year =	 2010,
  archivePrefix ={arXiv},
  eprint =	 0403246,
  primaryClass = {hep-th},
}





@Comment #############################################################
NAUKOZNAWSTWO
@Comment #############################################################

@article{ WalczakCzyMozliwaJest16,
  author =	 {Monika Walczak},
  title =	 {Czy~możliwa jest wiedza interdyscyplinarna?},
  journal =	 {Zagadnienie naukoznawstwa. Kwartalnik},
  volume =	 {LII~zeszyt 1~(207)},
  pages =	 {113-126},
  year =	 2016,
}


@Comment #########################################
GENERAL RELATIVITY
@Comment #########################################


@article{ ElvangFigurasF07,
  author =	 "H. Elvang and P. Figuras",
  title =	 {{Black Saturn}},
  year =	 {{2007}},
  archivePrefix ="arXiv",
  eprint =	 "0701.035v2",
  primaryClass = "hep-th",
  journal =	 {{}},
}





@Comment #########################################
FIZYKA MATEMATYCZNA
@Comment #########################################

@article{ Carter68,
  author =	 "B. Carter",
  title =	 {{Hamilton-Jacobi and Schrodinger Separable Solutions
		  of Einstein's Equation}},
  journal =	 "Commun. math. Phys.",
  year =	 1968,
  volume =	 10,
  pages =	 "280--310"
}

@article{ DBHPS08,
  author =	 {{G. H. E. Duchamp and P. Blasiak and A. Horzela and
		  K. A. Penson and A. I. Solomon}},
  title =	 {{Hopf Algebras in General and in Combinatorial
		  Physics: a practical introduction}},
  archivePrefix ="arXiv",
  eprint =	 "0802.0249v1",
  primaryClass = "quant-ph",
  year =	 2008,
  journal =	 {{}},
}

@article{ FermiPizzocchero17,
  author =	 {{Davide Fermi, Livio Pizzocchero}},
  title =	 {{Local Casimir Effet for~a~Scalar Field
		  in~Presence~of a~Point Impurity}},
  year =	 2017,
  journal =	 {{}},
  volume =	 {{}},
  pages =	 {{}},
  archivePrefix ={{arXiv}},
  eprint =	 {{1712.10039}},
  primaryClass = {{math-ph}},
}

@article{ GraciaBondia03,
  author =	 "J. M. Gracia-Bondia",
  title =	 {{Improved Epstein-Glaser renormalization in
		  coordinate space I. Euclidean framework}},
  year =	 2003,
  journal =	 "Math. Phys. Anal. Geom",
  volume =	 6,
  pages =	 "59--88",
  archivePrefix ="arXiv",
  eprint =	 "0202.023v1",
  primaryClass = "hep-th",
}

@article{ Hawking75,
  author =	 "S. W. Hawking",
  title =	 {{Particle Creation by Black Holes}},
  journal =	 {{Commun. math. Phys.}},
  year =	 1975,
  volume =	 43,
  pages =	 "199--220"
}

@article{ SummersPrespectiveOnConstructiveQFT12,
  author =	 "Stephen J. Summers",
  year =	 2012,
  title =	 {{A Perspective on Constructive Quantum Field
		  Theory}},
  archivePrefix ="arXiv",
  eprint =	 "1203.3991v1",
  primaryClass = "math-ph",
  journal =	 {{}},
}

@article{ Witten89,
  author =	 "E. Witten",
  year =	 1989,
  title =	 {{Quantum Field Theory and the Jones Polynomial}},
  journal =	 "Commun. Math. Phys.",
  volume =	 121,
  pages =	 "351--399"
}





@Comment ###############################
ALGEBRAICZNA QFT
@Comment ###############################


@article{ BrunettiDutchFredenhagenVerch09,
  author =	 {{R. Brunetti and M. D\"{u}tsch and K. Fredenhagen
		  and R. Verch}},
  title =	 {{Perturbative Algebraic Quantum Field Theory and the
		  Renormalization Groups}},
  archivePrefix ="arXiv",
  eprint =	 "0901.2038v2v1",
  primaryClass = "math-th",
  year =	 2009,
  journal =	 {{}},
}

@article{ BrunettiFredenhagen00,
  author =	 "R. Brunetti, K. Fredenhagen",
  title =	 {{Microlocal Analysis and Interacting Quantum Field
		  Theories: Renormalization on Physical Backgrounds}},
  year =	 2000,
  journal =	 "Commun. Math. Phys.",
  volume =	 208,
  pages =	 "623--661",
  archivePrefix ="arXiv",
  eprint =	 "9903.028v1",
  primaryClass = "math-ph",
}

@article{ BrunettiFredenhagen09,
  author =	 "R. Brunetti and K. Fredenhagen",
  title =	 {{Quantum Field Theory on Curved Backgrounds}},
  year =	 2009,
  archivePrefix ="arXiv",
  eprint =	 "0901.2063v1",
  primaryClass = "gr-qc",
  journal =	 {{}},
}

@article{ BrunettiFredenhagenVerch03,
  author =	 "R. Brunetti, K. Fredenhagen, R. Verch",
  title =	 {{The~Generally Covariant Locality Principle --~A~New
		  Paradigm for Local Quantum Field Theory}},
  year =	 2003,
  journal =	 "Commun. Math. Phys.",
  volume =	 237,
  pages =	 "31--68",
  archivePrefix ="arXiv",
  eprint =	 "0112.041v1",
  primaryClass = "math-th",
}

@article{ Buchholz82,
  author =	 "D. Buchholz",
  title =	 {{The Physical State Space of Quantum Electrodynamics}},
  year =	 1982,
  journal =	 "Commun. Math. Phys.",
  volume =	 85,
  pages =	 {{49--71}}
}

@article{ DimockAlgebrasLocalObservablesOnManifold1980,
  author =	 {Jonathan D Dimock},
  title =	 {Algebras~of local observables on~a~manifold},
  journal =	 {Commun. Math. Phys.},
  year =	 1980,
  volume =	 77,
  pages =	 {219--228},
}

@article{ FredenhagenRejzner12,
  author =	 "K. Fredenhagen and K. Rejzner",
  title =	 {{Perturbative algebraic quantum field theory}},
  year =	 2012,
  archivePrefix ="arXiv",
  eprint =	 "1208.1428v2",
  primaryClass = "hep-th",
  journal =	 {{}},
}

@article{ Herdegen01,
  author =	 "Andrzej Herdegen",
  title =	 {{No-nonsens Casimir force}},
  year =	 2001,
  journal =	 {{Acta Phys.Polon.}},
  volume =	 "B32",
  pages =	 "55--65",
  archivePrefix ="arXiv",
  eprint =	 "0008.207v2",
  primaryClass = "hep-th",
}

@article{ Herdegen06,
  author =	 "Andrzej Herdegen",
  year =	 2006,
  title =	 {{Quantum backreaction (Casimir) effect II. Scalar
		  and electromagnetic fields}},
  journal =	 "Ann. H. Poincare",
  volume =	 7,
  pages =	 {{253--301}},
  archivePrefix ="arXiv",
  eprint =	 "0507.023v1",
  primaryClass = "hep-th",
}

@article{ Keller10,
  author =	 {{K. J. Keller}},
  title =	 {{Dimensional Regularization in Position Space
		  and~a~Forest Formula for Regularized Epstein-Glaser
		  Renormalization}},
  year =	 {{2010}},
  journal =	 {{}},
  archivePrefix ={{arXiv}},
  eprint =	 {{1006.2148v1}},
  primaryClass = {{math-th}},
  note =	 {{PhD thesis}},
}

@article{ Rejzner11,
  author =	 {Katarzyna Rejzner},
  title =	 {Batalin-Vilkovisky formalism in~locally covariant
                  field theory},
  journal =	 {{}},
  year =	 2011,
  archivePrefix ={arXiv},
  eprint =	 {1111.5130v2},
  primaryClass = {math-ph},
  note =	 {PhD thesis},
}





@Comment ###############################
INNE. NIEUPORZĄDKOWANE.
@Comment ###############################


@article{ Chan01,
  author =	 {{H. B. Chan and V. A. Aksyuk and R. N. Kleiman and
		  D. J. Bishop and Federico Capasso}},
  title =	 {{Quantum Mechanical Actuation of
		  Microelectromechanical Systems by the Casimir
		  Force}},
  year =	 2001,
  journal =	 "Science",
  volume =	 297,
  pages =	 1941
}

@article{ Kus12,
  author =	 "P. Kusek",
  year =	 2012,
  title =	 {{Transformacje Bogolubowa w układach kwantowych}},
  journal =	 {{}},
  volume =	 {{}},
  pages =	 {{}},
}

@article{ SWM98,
  author =	 {{F. Michael Serry and Dirk Walliser and G. Jordan
		  Maclay}},
  title =	 {{The role of the casimir effect in the static
		  deflection and stiction of membrane strips in
		  microelectromechanical systems (MEMS)}},
  year =	 1998,
  journal =	 "J. Appl. Phys.",
  volume =	 84,
  pages =	 2501
}

@article{ Sparnaay58,
  author =	 "M. J. Sparnaay",
  title =	 {{Measurements of attractive forces between flat
		  plates}},
  journal =	 "Physica",
  volume =	 24,
  pages =	 {{751--764}},
  year =	 1958,
}







@Comment #############################################################
BIOFIZYKA -- ARTYKUŁY
@Comment #############################################################


@article{ EnglandStatisticalPhysicsOfSelfReplication2012,
  author =	 {Jeremy L. England},
  title =	 {Statistical Physics~of Self-Replication},
  journal =	 {{}},
  year =	 2012,
  doi =		 {10.1063/1.4818538},
  archivePrefix ={arXiv},
  eprint =	 {1209.1179},
  primaryClass = {physics.bio-ph},
}

@article{ MarslandEnglandFarFromEquilibrium2015,
  author =	 {Marsland III, Robert and England, Jeremy},
  title =	 {Far-from-Equilibrium Distribution from
                  Near-Steady-State Work Fluctuations},
  journal =	 {Phys. Rev. E},
  year =	 2015,
  volume =	 92,
  pages =	 052120,
  doi =		 {10.1103/PhysRevE.92.052120},
  archivePrefix ={arXiv},
  eprint =	 {1501.00238},
  primaryClass = {physics.bio-ph},
}

@article{ MarslandEnglandSpeedStrengthDissipationInBiologicalSelfAssem2018,
  author =	 {Marsland III, Robert and England, Jeremy},
  title =	 {Speed, strength and~dissipation in~biological
                  self-assembly},
  journal =	 {Phys. Rev. E},
  year =	 2018,
  volume =	 98,
  pages =	 022411,
  doi =		 {10.1103/PhysRevE.98.022411},
  archivePrefix ={arXiv},
  eprint =	 {1711.02172v1},
  primaryClass = {physics.bio-ph},
}

@article{ PerunovMarshlandEnglandStatiscticalPhysicsOfAdaptation2016,
  author =	 {Perunov, Nikolai and Marsland, Robert and England,
                  Jeremy},
  title =	 {Statistical Physics of Adaptation},
  journal =	 {Phys. Rev. X},
  year =	 2016,
  volume =	 6,
  archivePrefix ={arXiv},
  eprint =	 {1412.1875v1},
  primaryClass = {physics.bio-ph},
}

@article{ SarkarEnglandDesignConditionsForEmergenceOfSelfReplicators2017,
  author =	 {Sarkar, Sumantra and England, Jeremy L.},
  title =	 {Design~of conditions for~emergence~of
                  self-replicators},
  journal =	 {{}},
  year =	 2017,
  archivePrefix ={arXiv},
  eprint =	 {1709.09191v3},
  primaryClass = {cond-mat.soft},
}