@Comment #############################################################
@Comment #############################################################
@Comment #############################################################
DEUS
@Comment #############################################################
@Comment #############################################################
@Comment #############################################################



@Comment ###############################
ŚWIĘCI


@book{ SJCh08,
  author =	 "Sancte Jan Chryzostom",
  title =	 {{Homilie na Księgę Rodzaju (seria pierwsza: Rdz
                  1--3)}},
  address =	 {{Kraków}},
  publisher =	 {{Wydawnictwo WAM}},
  year =	 2008,
}

@book{ SancteAugustynCivitasDei,
  author =	 "Sancte Augustyn z~Hippony",
  title =	 {{Państwo Boże}},
  address =	 {{Kęty}},
  publisher =	 {{Wydawnictwo Marek Derewiecki}},
  year =	 2015,
}

@book{ SAugCon,
  author =	 "Sancte Augustyn",
  title =	 {{Wyznania}},
  address =	 {{Kraków}},
  publisher =	 {{Wydawnictwo Znak}},
  edition =	 {{IV}},
  year =	 2007,
}


@book{ SAug89,
  author =	 "Sancet Augustyn",
  title =	 {{O kazaniu Pana na Górze. Do Symplicjana o~różnych
                  problemach. Problemy ewangeliczne}},
  address =	 "Warszawa",
  publisher =	 {{}},
  year =	 1989,
}

@book{ SAugCD,
  author =	 "Sancte Augustyn",
  title =	 {{Państwo Boże}},
  address =	 {{Kęty}},
  publisher =	 {{Wydawnictwo Marek Derewiecki}},
  year =	 2015,
}


@book{ SHie08,
  author =	 "Sancte Hieronim",
  title =	 "Komentarz do Ewangelii według św. Mateusza",
  publisher =	 "Wydawnictwo WAM",
  year =	 2008,
  address =	 {{Kraków}},
}

@book{ SancteTomaszZAkwinuSumaTeologicznaI,
  author =	 "Sancte Tomasz z~Akwinu",
  title =	 "Suma Teologiczna. Tom~I",
  publisher =	 {{Katolicki Ośrodek Wydawniczy ''VERITAS''}},
  address =	 "London",
  year =	 {{1960?}},
}

@book{ SancteTomaszZAkwinuOKrolowaniu06,
  author =	 "Sancte Tomasz z~Akwinu",
  title =	 {{O królowaniu --~królowi Cypru}},
  publisher =	 {{Ośrodek Myśli Politycznej, Wyższa Szkoła Europejska
                  im.~ks.~Józefa Tischnera}},
  address =	 "Kraków",
  year =	 {{2006}},
}

@book{ SFSF,
  author =	 "Sanctae Franciszek Salezy",
  title =	 "Filotea czyli droga do życia pobożnego",
  publisher =	 "Wydawnictwo AA s.c.",
  address =	 "Kraków",
  year =	 {{2001?}},
}

@Comment @book{ Bok96,
@Comment 	author	  = "I. Bokwa",
@Comment 	title	  = "Wprowadzenie do teologii Karla Rahnera",
@Comment 	publisher = {{BIBLOS}},
@Comment         year      = "1996",
@Comment 	%address  = "",
@Comment 	%edition   = "",

@Comment      }

@Comment @book{ Bra82,
@Comment 	author	  = "R. Brandstaetter",
@Comment 	title	  = "Jezus z Nazarethu",
@Comment 	publisher = {{Instytut Wydawniczy PAX}},
@Comment 	volume    = "I",
@Comment 	%number   = "",
@Comment 	%series   = "",
@Comment 	%address  = "",
@Comment 	edition   = "VI",
@Comment         year      = "1982",
@Comment         %month    = "",
@Comment         %note     = ""
@Comment      }

@Comment @book{ Bra86,
@Comment 	author	  = "R. Brandstaetter",
@Comment 	title	  = "Patriarchowie",
@Comment 	publisher = {{Instytut Wydawniczy PAX}},
@Comment 	edition   = {{I}},
@Comment         year      = "1986",
@Comment 	%number   = "",
@Comment 	%series   = "",
@Comment 	%address  = "",
@Comment      }

@Comment @book{ CheO,
@Comment 	author	   = "G. K. Chesterton",
@Comment 	title	   = {{Ortodoksja}},
@Comment 	%publisher = "",
@Comment 	%volume   = "",
@Comment 	%number   = "",
@Comment 	%series   = "",
@Comment 	address  = "Warszawa -- Ząbki",
@Comment 	edition   = "II -- Poprawione",
@Comment        %year      = "",
@Comment        %month    = "",
@Comment        %note     = ""
@Comment      }


@Comment ###############################
RÓŻNI AUTORZY


@book{ Seewald16,
  author =	 "Peter Seewald",
  title =	 {{Benedykt XVI. Ostatnie rozmowy}},
  publisher =	 {{Dom Wydawniczy RAFAEL}},
  address =	 {{Kraków}},
  edition =	 {{I}},
  year =	 2016,
}

@book{ Davies11,
  author =	 "Michael Davies",
  title =	 {{Sobór Papieża Jana. Rewolucja liturgiczna.}},
  publisher =	 {{Wydawnictwo ANTYK Marcin Dybowski}},
  address =	 {{Komorów}},
  edition =	 {{I}},
  year =	 2011,
}

@book{ Davies02,
  author =	 "Michael Davies",
  title =	 "Sobór Watykański II a~wolność religijna",
  publisher =	 "Te Deum",
  address =	 {{Warszawa}},
  edition =	 {{I}},
  year =	 2002,
}

@book{ Davies04,
  author =	 "Michael Davies",
  title =	 {{Liturgiczne bomby zegarowe Vaticanum II.
                  Zniszczenie katolickiej wiary przez zmiany
                  w~katolickim kulcie}},
  publisher =	 "Te Deum",
  address =	 {{Warszawa}},
  edition =	 {{I}},
  year =	 2004,
}

@book{ PoslugaMysleniaIX11,
  author =	 "Red. Jarosław Kupczak~OP",
  title =	 {{Jan Paweł II. Posługa myślenia.}},
  publisher =	 {{Wydawnictwo Naukowe Uniwersytetu Papieskiego Jana
                  Pawła~II w~Krakowie}},
  volume =	 9,
  series =	 {{Studia nad myślą Jana Pawła II}},
  address =	 "Kraków",
  edition =	 {{I}},
  year =	 2011,
}

@book{ Kerr11,
  author =	 "F. Kerr OP",
  title =	 {{Katolicy teolodzy XX wieku}},
  publisher =	 "Wydawnictwo WAM",
  address =	 {{Kraków}},
  year =	 2011,
}

@book{ Maritain05,
  author =	 "Jacques Maritain",
  title =	 {{Trzej reformatorzy. Luter, Kartezjusz, Rousseau}},
  publisher =	 {{FRONDA~PL sp.~z~o.o., Apostolicum}},
  address =	 {{Warszawa -- Ząbki}},
  edition =	 {{II -- Poprawione}},
  year =	 2005,
}

@book{ PajbanAnatomiaKonfliktu16,
  author =	 "Ks. Tadeusz Pajban",
  title =	 {{Anatomia konfliktu. Między nowym ateizmem a~teologią
  nauki}},
  publisher =	 {{Copernicus Center Press Sp.~z~o.o.}},
  address =	 {{Kraków}},
  edition =	 {{I}},
  year =	 2016,
}

@book{ Rowland10,
  author =	 "Tracy Rowland",
  title =	 {{Wiara Ratzinger, teologia Benedykta XVI}},
  publisher =	 {{Wydawnictwo WAM}},
  address =	 {{Kraków}},
  edition =	 {{I}},
  year =	 2010,
}

@Comment @book{ WójHdL,
@Comment 	author	  = "M. Wójtowicz",
@Comment 	title	  = "Henri de Lubac",
@Comment 	publisher = "WAM",
@Comment 	%volume   = "",
@Comment 	%number   = "",
@Comment 	%series   = "",
@Comment 	%address  = "",
@Comment 	%edition  = "",
@Comment         %year     = "",
@Comment         %month    = "",
@Comment         %note     = ""
@Comment      }

@book{ Villa13a,
  author =	 "Ks. dr L. Villa",
  title =	 {{Yves Congar}},
  publisher =	 "Wydawnictwo ANTYK Marcin Dybowski",
  series =	 "Rewolucjoniści czasu apokalipsy",
  address =	 "Komorów",
  year =	 2013,
}

@book{ Villa13b,
  author =	 "Ks. dr L. Villa",
  title =	 {{Karl Rahner}},
  publisher =	 "Wydawnictwo ANTYK Marcin Dybowski",
  series =	 "Rewolucjoniści czasu apokalipsy",
  address =	 "Komorów",
  year =	 2013,
}





@Comment ###############################
DZIEŁA RÓŻNEJ JAKOŚCI


@book{ Spiewak12,
  author =	 "Paweł Śpiewak",
  title =	 {{Pięć ksiąg Tory. Komentarze}},
  publisher =	 "Wydawnictwo Uniwersytetu Warszawskiego",
  address =	 "Warszawa",
  edition =	 {{I}},
  year =	 2012,
}





@Comment #############################################################
@Comment #############################################################
HISTORIA ŚWIĘTEJ WIARY
@Comment #############################################################
@Comment #############################################################


@book{ GuerrieroImpagliazzoNajnowszaHistoriaKosciolI06,
  author =	 "Red. E. Guerriero and M. Impagliazzo",
  title =	 {{Najnowsza historia Kościoła. Katolicy i~kościoły
                  chrześcijańskie w~czasie pontyfikatu Jana Pawła~II
                  (1978--2005).}},
  publisher =	 {{Wydawnictwo M}},
  address =	 "Kraków",
  edition =	 {{I}},
  year =	 2006,
}

@book{ KumorHistoriaKosciolavI03,
  author =	 "Ks. Bolesław Kumor",
  title =	 {{Historia Kościoła. Tom~I: Strożytność chrześcijaństwa}},
  publisher =	 {{Wydawnictwo KUL}},
  address =	 "Lublin",
  edition =	 {{II}},
  year =	 2003,
}

@book{ WiltgenRenWpadaDoTybru10,
  author =	 "Ralph W. Wiltgen",
  title =	 {{Ren wpada do Tybru. Historia Soboru
                  Watykańskiego~II}},
  publisher =	 {{Wydawnictwo AA s.c.}},
  address =	 {{Dębogóra}},
  edition =	 {{I}},
  year =	 2010,
}





@Comment #############################################################
@Comment #############################################################
FILOZOFIA
@Comment #############################################################
@Comment #############################################################


@Comment @book{ AG81,
@Comment 	author	   = {{G. E. M. Anscombe, P. T. Geach}},
@Comment 	title	   = {{Trzej filozofowie}},
@Comment 	publisher = "Instytut Wydawniczy Pax",
@Comment 	%volume   = "",
@Comment 	%number   = "",
@Comment 	%series   = "",
@Comment 	%address  = "",
@Comment 	%edition  = "",
@Comment        year      = "1981",
@Comment        %month    = "",
@Comment        %note     = ""
@Comment      }

@book{ Arytoteles04,
  author =	 "Arystoteles",
  title =	 {{Retoryka. Retoryka dla Aleksandra. Poetyka.}},
  publisher =	 "Wydawnictwo Naukowe PWN",
  address =	 "Warszawa",
  year =	 2004,
}

@book{ BraguePrawoBoga14,
  author =	 "R\'{e}mi Brague",
  title =	 {{Prawo Boga. Filozoficzna historia przymierza}},
  publisher =	 "Teologia Polityczna",
  address =	 "Warszawa",
  year =	 2014,
}

@book{ Copleston04,
  author =	 "Frederick Copleston",
  title =	 {{Historia filozofii. Tom~I: Grecja i~Rzym}},
  publisher =	 {{Instytut Wydawniczy PAX}},
  volume =	 {{I}},
  address =	 "Warszawa",
  edition =	 {{II}},
  year =	 2004,
}

@book{ CoplestonFilozofieIKultury86,
  author =	 "Frederick Copleston",
  title =	 {{Filozofie i~kultur}},
  publisher =	 {{Instytut Wydawniczy PAX}},
  address =	 "Warszawa",
  edition =	 {{I}},
  year =	 1986,
}

@book{ PatriotyzmPolakow06,
  author =	 "Red. J. Kloczkowski",
  title =	 {{Patriotyzm Polaków. Studia z~historii idei}},
  publisher =	 {{Ośrodek Myśli Politycznej, Wyższa Szkoła Europejska
                  im.~ks.~J.~Tischnera}},
  series =	 {{Polskie Tradycje Intelektualne}},
  volume =	 {{I}},
  address =	 "Kraków",
  edition =	 {{I}},
  year =	 2006,
}

@book{ Laozi06,
  author =	 "Laozi",
  title =	 {{Księga dao i~de z~komentarzami Wang Bi}},
  publisher =	 {{Wydawnictwo Uniwersytetu Jagiellońskiego}},
  address =	 "Kraków",
  edition =	 {{I}},
  year =	 2006,
}

@book{ KolakowskiOCoNasPytajavI04,
  author =	 "Leszek Kołakowski",
  title =	 {{O co nas pytają wielcy filozofowie. Seria~I}},
  publisher =	 {{Wydawnictwo Znak}},
  address =	 "Kraków",
  edition =	 {{I}},
  year =	 2004,
}

@book{ KolakowskiOCoNasPytajavI05,
  author =	 "Leszek Kołakowski",
  title =	 {{O co nas pytają wielcy filozofowie. Seria~II}},
  publisher =	 {{Wydawnictwo Znak}},
  address =	 "Kraków",
  edition =	 {{I}},
  year =	 2005,
}

@book{ KolakowskiOCoNasPytajavI05,
  author =	 "Leszek Kołakowski",
  title =	 {{O co nas pytają wielcy filozofowie. Seria~III}},
  publisher =	 {{Wydawnictwo Znak}},
  address =	 "Kraków",
  edition =	 {{I --~dodruk}},
  year =	 2008,
}

@book{ MacIntyreDziedzictwoCnoty96,
  author =	 "Alasdair MacIntyre",
  title =	 "Dziedzictwo cnoty",
  publisher =	 "Wydawnictwo Naukowe PWN",
  series =	 {{Biblioteka Współczesnych Filozofów}},
  address =	 "Warszawa",
  edition =	 {{I}},
  year =	 1996,
}

@book{ NakamuraSystemyMysleniaLudowWschodu05,
  author =	 "Hajime Nakamura",
  title =	 {{Systemy myślenia ludów Wschodu. Indie, Ckiny,
                  Tybet, Japonia}},
  publisher =	 "Wydawnictwo Uniwersytetu Jagiellońskiego",
  series =	 {{EX ORIENTE}},
  address =	 "Kraków",
  edition =	 {{I}},
  year =	 2005,
}

@book{ PlatonLP,
  author =	 "Platon",
  title =	 {{Laches, Protagoras}},
  publisher =	 "Wydawnictwo ANTYK",
  address =	 "Kęty",
  edition =	 {{I}},
  year =	 2002,
}

@book{ SkoczynskiWolenski10,
  author =	 {{Jan Skoczyński and Jan Woleński}},
  title =	 {{Historia filozofii polskiej}},
  publisher =	 "Wydawnictwo WAM",
  address =	 "Kraków",
  edition =	 {{I}},
  year =	 2010,
}

@book{ Tat05,
  author =	 "Władysław Tatarkiewicz",
  title =	 {{Historia filozofii. Tom~III: Filozofia XIX wieku
                  i~współczesna.}},
  publisher =	 "Wydawnictwo Naukowe PWN",
  volume =	 {{III}},
  address =	 "Warszawa",
  edition =	 {{XIX}},
  year =	 2005,
}

@book{ Taylor02,
  author =	 "Charles Taylor",
  title =	 {{Etyka Autentyczności}},
  publisher =	 "Wydawnictwo Znak",
  address =	 "Kraków",
  edition =	 {{I}},
  year =	 2002,
}

@book{ Tischner96,
  author =	 "Ks.~Józef Tischner",
  title =	 "Nieszczęsny dar wolności",
  publisher =	 "ZNAK",
  address =	 "Kraków",
  edition =	 {{II}},
  year =	 1996,
}

@book{ Whitehead87,
  author =	 "Alfred North Whitehead",
  title =	 "Nauka i~świat nowożytny",
  publisher =	 "Wydawnictwo ZNAK",
  address =	 "Kraków",
  edition =	 {{I}},
  year =	 1987,
}





@Comment ##############################
FILOZOFIA POLITYKI (GŁÓWNIE)


@book{ VoegelinNowaNaukaPolityki92,
  author =	 "Eric Voegelin",
  title =	 {{Nowa nauka polityki}},
  publisher =	 {{Fundacja ,,Aletheia''}},
  address =	 "Warszawa",
  edition =	 {{I}},
  year =	 1992,
}

@book{ VoegelinIzraelIObjawienie14,
  author =	 "Eric Voegelin",
  title =	 {{Izrael i~Objawienie}},
  publisher =	 {{Teologia Polityczna}},
  seriess =	 {{Ład i~Historia}},
  volume =	 {{I}},
  address =	 "Warszawa",
  edition =	 {{I}},
  year =	 2014,
}



@Comment #############################################################
FILOZOFIA WRAZ Z INNYMI NAUKAMI




@Comment #############################################################
@Comment #############################################################
KLASYKA NAUKI
@Comment #############################################################
@Comment #############################################################



@book{ NewtonMatematyczneZasadyFilozofiiPrzyrody11,
  author =	 "Isaac Newton",
  title =	 {{Matematyczne zasady filozofii przyrody}},
  publisher =	 {{Copernicus Center Press}},
  address =	 "Kraków",
  edition =	 {{I}},
  year =	 2011,
}





@Comment #############################################################
@Comment #############################################################
FIZYKA
@Comment #############################################################
@Comment #############################################################



@Comment ##############################
FIZYKA ELMENTARNA


@book{ FeynmanLeightonSands04,
  author =	 "R. P. Feynman and R. B. Leighton and M. Sands",
  title =	 {{Feynman wykłady z~fizyki. Mechanika, szczególna
                  teoria względności}},
  volume =	 {{I}},
  publisher =	 {{Wydawnictwo Naukowe PWN}},
  address =	 "Warszawa",
  edition =	 {{V, 1 dodruk}},
  year =	 2004,
}

Fizyka elementarna


@book{ JKK73,
	author	  = "J. Jędrzejewski and W. Kruczek and A. Kujawski",
	title	  = {{Zbiór zadań z fizyki dla kandydatów
	na wyższe uczelnie techniczne}},
	publisher = "Wydawnictwo Naukowo\dywiz Techniczne",
	address   = "Warszawa",
	edition   = {{I}},
	year      = 1973,
     }





@Comment ##############################
MECHANIKA OGÓLNA


@book{ KKR75,
  author =	 "C. Kittel, W. D. Knight and M. A. Ruderman",
  title =	 "Mechanika",
  publisher =	 {{Państwowe Wydawnictwo Naukowe}},
  adress =	 {{Warszawa}},
  edition =	 {{III}},
  year =	 1975,
}

@book{ Siuta,
  author =	 "W. Siuta",
  title =	 "Mechanika techniczna",
  publisher =	 "Wydawnictwo Szkolne i~Pedagogiczne",
  edition =	 {{XXVII}},
  year =	 {{}},
}

@book{ SkalmierskiMechanika77,
  author =	 "Bogdan Skalmierski",
  title =	 "Mechanika",
  publisher =	 "Państwowe Wydawnictwo Naukowe",
  edition =	 {{I}},
  year =	 1977,
}

@book{ Skalmierski83,
  author =	 "Bogdan Skalmierski",
  title =	 {{Mechanika z~wytrzymałością materiałów}},
  publisher =	 "Państwowe Wydawnictwo Naukowe",
  address =	 "Warszawa",
  edition =	 {{II, zmienione}},
  year =	 1983,
}

@Comment @book{ Ska98,
@Comment 	author	  = "B. Skalmierski",
@Comment 	title	  = {{Mechanika. Tom 1: Podstawy mechaniki klasycznej.}},
@Comment 	publisher = {{Wydawnictwo Politechniki Częstochowskiej}},
@Comment 	%volume   = "",
@Comment 	%number   = "",
@Comment 	%series   = "",
@Comment 	%address  = "",
@Comment 	edition   = "I",
@Comment         year      = "1998",
@Comment         %month    = "",
@Comment         %note     = ""
@Comment      }



@Comment ##############################
MECHANIKA TEORETYCZNA


@book{ Arnold81,
  author =	 "W. I. Arnold",
  title =	 "Metody matematyczne mechaniki klasycznej",
  publisher =	 {{Państwowe Wydawnictwo Naukowe}},
  address =	 "Warszawa",
  edition =	 {{I}},
  year =	 1981,
}

@book{ IngardenJamiolkowski80,
  author =	 {{R. S. Ingarden and A. Jamiołkowski}},
  title =	 {{Mechanika klasyczna}},
  publisher =	 "Państwowe Wydawnictwo Naukowe",
  address =	 "Warszawa -- Poznań",
  edition =	 {{I}},
  year =	 1980,
}

@book{ KotkinSerbo72,
  author =	 {{G. L. Kotkin and W. G. Serbo}},
  title =	 {{Zbiór zadań z~mechaniki klasycznej}},
  publisher =	 "Wydawnictwo Naukowo\dywiz Techniczne",
  address =	 "Warszawa",
  edition =	 {{I}},
  year =	 1972,
}

@book{ LL06,
  author =	 {{L. D. Landau and J. M. Lifszyc}},
  title =	 "Mechanika",
  publisher =	 "Wydawnictwo Naukowe PWN",
  address =	 "Warszawa",
  edition =	 {{IV}},
  year =	 2006,
}

@book{ NejmarkFufajew71,
  author =	 {{J. I. Nejmark and N. A. Fufajew}},
  title =	 "Dynamika układów nieholonomicznych",
  publisher =	 "Państwowe Wydawnictwo Naukowe",
  address =	 "Warszawa",
  edition =	 {{I}},
  year =	 1971,
}





@Comment ##############################
TERMOSTATYKA, TERMODYNAMIKA I MECHANIKA STATYSTYCZNA


@book{ Werle57,
  author =	 "Józef Werle",
  title =	 {{Termodynamika fenomenologiczna}},
  publisher =	 {{Państwowe Wydawnictwo Naukowe}},
  edition =	 {{I}},
  address =	 "Warszawa",
  year =	 1957,
}

@book{ Walecka11,
  author =	 "John Dirk Walecka",
  title =	 {{Introduction to~Statistical Mechanics}},
  publisher =	 {{World Scientific}},
  edition =	 {{I}},
  address =	 {{New Jersey, London, Singapore, Beijing, Shanghai,
                  Honk Kong, Taipei, Chennai}},
  year =	 2011,
}





@Comment ##############################
OPTYKA


@book{ MeyerArdent77,
  author =	 "J. R. Meyer-Ardent",
  title =	 {{Wstęp do optyki}},
  publisher =	 "Państwowe Wydawnictwo Naukowe",
  edition =	 {{I}},
  address =	 "Warszawa",
  year =	 1977,
}





@Comment ###############################
MECHANIKA KWANTOWA


@book{ Haag96,
  author =	 {{Rudolf Haag}},
  title =	 {{Local Quantum Physics. Field, Particles, Algebras}},
  publisher =	 {{Springer}},
  address =	 {{Berlin, Heidelberg, New York, Barcelona, Budapest
                  Hong Kong, London, Milan, Paris, Santa Clara,
                  Singapore, Tokyo}},
  edition =	 "Second Revised and~Enlarged Edition",
  year =	 1996,
}

@book{ GrabowskiIngarden87,
  author =	 {{M. Grabowski and R. S. Ingarden}},
  title =	 {{Mechanika kwantowa. Ujęcie w przestrzeni Hilberta}},
  publisher =	 {{Państwowe Wydawnictwo Naukowe}},
  address =	 "Warszawa",
  edition =	 {{I}},
  year =	 1987,
}



@Comment @book{ Kle06,
@Comment 	author	  = "Hagen Kleinert",
@Comment 	title	  = {{Path Integrals in Quantuma Mechanics, Statistics, Polymer Physics and Financial Markets}},
@Comment 	publisher = {{Word Scientific Publishing Co.}},
@Comment 	%volume   = "",
@Comment 	%number   = "",
@Comment 	%series   = "",
@Comment 	%address  = "",
@Comment 	edition   = "IV",
@Comment         year      = "2006",
@Comment         %month    = "",
@Comment         %note     = ""
@Comment      }

@book{ SchiffMechanikaKwantowa87,
  author =	 "Leonard I. Schiff",
  title =	 "Mechanika kwantowa",
  publisher =	 {{Państwowe Wydawnictwo Naukowe}},
  address =	 "Warszawa",
  year =	 "1987",
  edition =	 {{II}},
}

@book{ ShankarMechanikaKwantowa06,
  author =	 "R. Shankar",
  title =	 "Mechanika kwantowa",
  publisher =	 "Wydawnictwo Naukowe PWN",
  address =	 "Warszawa",
  edition =	 {{I}},
  year =	 2006,
}

@Comment @book{ Tay72,
@Comment 	author	  = "J. R. Taylor",
@Comment 	title	  = "Scattering theory",
@Comment 	publisher = {{John Wiley and sons}},
@Comment 	%volume   = "",
@Comment 	%number   = "",
@Comment 	%series   = "",
@Comment 	%address  = "",
@Comment 	%edition   = "",
@Comment         year      = "1972",
@Comment         %month    = "",
@Comment         %note     = ""
@Comment      }





@Comment ##############################
ELEKTRODYNAMIKA KLASYCZNA


@book{ Griffits01,
  author =	 "D. J. Griffits",
  title =	 "Podstawy elektrodynamiki",
  publisher =	 "Wydawnictwo Naukowe PWN",
  address =	 "Warszawa",
  edition =	 {{I}},
  year =	 2001,
}

@book{ Jackson87,
  author =	 "J. D. Jackson",
  title =	 "Elektrodynamika klasyczna",
  publisher =	 "Państwowe Wydawnictwo Naukowe",
  address =	 "Warszawa",
  edition =	 {{II}},
  year =	 1987,
}

@book{ RohrlichKlasycznaTeoriaCzastekNaladowanych81,
  author =	 "Fritz Rohrlich",
  title =	 "Klasyczna teoria cząstek naładowanych",
  publisher =	 "Państwowe Wydawnictwo Naukowe",
  address =	 "Warszawa",
  edition =	 {{I}},
  year =	 1981,
}





@Comment ##############################
FIZYKA FAZY SKONDENSOWANEJ


@book{ IbachLuthFizykaCialaStalego96,
  author =	 "H. Ibach and H. L\"{u}th",
  title =	 "Fizyka ciała stałego",
  publisher =	 "Wydawnictwo Naukowe PWN",
  address =	 "Warszawa",
  edition =	 {{I}},
  year =	 1996,
}

@book{ Kittel76,
  author =	 "C. Kittel",
  title =	 "Wstęp do fizyki ciała stałego",
  publisher =	 "Państwowe Wydawnictwo Naukowe",
  address =	 "Warszawa",
  edition =	 {{IV}},
  year =	 1976,
}

@Comment @book{ Sch64,
@Comment 	author	  = "J. R. Schrieffer",
@Comment 	title	  = {{Theory of Superconductivity}},
@Comment 	publisher = "W. A. Benjamin, INC.",
@Comment 	%volume   = "",
@Comment 	%number   = "",
@Comment 	%series   = "",
@Comment 	%address  = "",
@Comment 	edition   = "I",
@Comment         year      = "1964",
@Comment         %month    = "",
@Comment         %note     = ""
@Comment      }

@Comment @book{ Wim09,
@Comment 	author	   = "E. Wimmer",
@Comment 	title	   = {{Quantum Transport in Nanostructures: From Computional Concepts to Spintronics in Graphene and Magnetic
@Comment 	Tunnel Junctions}},
@Comment 	publisher = "Docupoint",
@Comment 	%volume   = "",
@Comment 	%number   = "",
@Comment 	%series   = "",
@Comment 	%address  = "",
@Comment 	edition   = "I",
@Comment         year      = "2009",
@Comment         %month    = "",
@Comment         %note     = ""
@Comment      }





@Comment ##############################
HYDRODYNAMIKA


@book{ LandayLifszycHydrodynamika94,
  author =	 "L. D. Landau and E. M. Lifszyc",
  title =	 "Hydrodynamika",
  publisher =	 "Wydawnictwo Naukowe PWN",
  address =	 "Warszawa",
  edition =	 {{I}},
  year =	 1994,
}





@Comment ##############################
FIZYKA JĄDROWA


@book{ Strzalkowski97,
  author =	 "Adam Strzałkowski",
  title =	 "Wstęp do fizyki jądra atomowego",
  publisher =	 "Państwowe Wydawnictwo Naukowe",
  volume =	 {{V}},
  series =	 "Biblioteka Fizyki",
  address =	 "Warszawa",
  edition =	 {{III}},
  year =	 1979,
}





@Comment ##############################
FIZYKA STATYSTYCZNA


@book{ HuangMechanikaStatystyczna87,
  author =	 "Kerson Huang",
  title =	 "Mechanika statystyczna",
  publisher =	 "Państwowe Wydawnictwo Naukowe",
  address =	 "Warszawa",
  edition =	 {{II}},
  year =	 1987,
}





@Comment ##############################
OGÓLNA TEORIA WZGLĘDNOŚCI


@booklet{ Carroll97,
  author =	 "S. M. Carroll",
  title =	 {{Lecture Notes on General Relativity}},
  howpublished = "arXiv:gr-qc/9712019",
  year =	 1997,
}

@Comment @book{ HE73,
@Comment 	author    = {{S. W. Hawking, G. F. R. Ellis}},
@Comment         title     = {{The Large Scale Structure of Space-Time}},
@Comment         publisher = "Cambridge University Press",
@Comment 	%address  = "",
@Comment 	%edition  = "",
@Comment         year      = "1973",
@Comment         }

@book{ Schutz02,
  author =	 {{B. F. Schutz}},
  title =	 {{Wstęp do~ogólnej teorii względności}},
  publisher =	 "Wydawnictwo Naukowe PWN",
  address =	 "Warszawa",
  edition =	 {{II}},
  year =	 2002,
}





@Comment ##############################
QFT


@book{ BLP11,
  author =	 {{W. B. Bierestecki and J . M. Lifszyc and L. P.
                  Pitajewski}},
  title =	 {{Elektrodynamika kwantowa}},
  publisher =	 "Wydawnictwo Naukowe PWN",
  address =	 "Warszawa",
  edition =	 {{II -- zmienione}},
  year =	 2011,
}

@Comment @book{ BS59,
@Comment 	author	  = {{N. N. Bogoliubov, D. V. Shirkov}},
@Comment 	title	  = {{Introduction to the theory of quantized fields}},
@Comment 	publisher = "New York : Interscience Publishers, Inc.",
@Comment 	%volume   = "",
@Comment 	%number   = "",
@Comment 	%series   = "",
@Comment 	%address  = "",
@Comment 	edition   = "I",
@Comment         year      = "1959",
@Comment         %month    = "",
@Comment         %note     = ""
@Comment      }

@Comment @book{ PS95,
@Comment 	author	  = {{M. E. Peskin, D. V. Schroeder}},
@Comment 	title	  = {{An Introduction to Quantum Field Theory}},
@Comment 	publisher = "Westview Press",
@Comment 	%volume   = "",
@Comment 	%number   = "",
@Comment 	%series   = "",
@Comment 	%address  = "",
@Comment 	edition   = "I",
@Comment         year      = "1995",
@Comment         %month    = "",
@Comment         %note     = ""
@Comment      }

@book{ Radovanovic08,
  author =	 "V. Radovanović",
  title =	 "Kwantowa teoria pola w zadaniach",
  publisher =	 "Wydawnictwo Naukowe PWN",
  address =	 "Warszawa",
  edition =	 {{I}},
  year =	 2008,
}

@book{ Schewber05,
  author =	 "Silvan S. Schweber",
  title =	 {{An Introduction to Relativistic Quantum Field
                  Theory}},
  publisher =	 {{Dover Publications, Inc.}},
  address =	 {{Mineola, New York}},
  edition =	 {{I}},
  year =	 {{2005}},
}

@book{ Steinmann00,
  author =	 "Othmar Steinmann",
  title =	 {{Perturbative Quantum Electrodynamics
  and~Axiomatic Field Theory}},
  publisher =	 {{Springer}},
  address =	 {{Berlin, Heidelberg}},
  edition =	 {{I}},
  year =	 {{2000}},
}

@book{ Weinberg12,
  author =	 "Steven Weinberg",
  title =	 {{Teoria pól kwantowych. Podstawy}},
  publisher =	 "Wydawnictwo Naukowe PWN",
  volume =	 {{I}},
  address =	 "Warszawa",
  edition =	 {{I --~1~dodruk}},
  year =	 2012,
}

@book{ Weinberg99,
  author =	 "Steven Weinberg",
  title =	 {{Teoria pól kwantowych. Nowoczesne zastosowania}},
  publisher =	 "Wydawnictwo Naukowe PWN",
  volume =	 {{II}},
  address =	 "Warszawa",
  edition =	 {{I}},
  year =	 1999,
}

@Comment @book{ SW64,
@Comment 	author	  = {{R. F. Streater, A. S. Wightman}},
@Comment 	title     = {{PCT, spin and statistics, and all that}},
@Comment 	publisher = "W. A. Benjamin, INC",
@Comment 	%volume    = "",
@Comment 	%number   = "",
@Comment 	%series   = "",
@Comment 	%address  = "",
@Comment 	edition   = "I",
@Comment         year      = "1964",
@Comment         %month    = "",
@Comment         %note     = ""
@Comment      }





@Comment ##############################
TEORIA STRUN

@Comment @book{ GSW87,
@Comment 	author	  = {{M. B. Green, J. H. Schwarz, E. Witten}},
@Comment 	title	  = {{Superstring Theory. Volume 1: Introduction.}},
@Comment 	publisher = "Cambridge University Press",
@Comment 	%volume    = "I",
@Comment 	%number   = "",
@Comment 	%series   = "",
@Comment 	%address  = "",
@Comment 	%edition  = "",
@Comment         year      = "1987",
@Comment         %month    = "",
@Comment         %note     = ""
@Comment      }





@Comment ##############################
FIZYKA MATEMATYCZNA


@Comment @book{ Haa96,
@Comment 	author	  = "R. Haag",
@Comment 	title	  = {{Local quantum physics : fields, particles, algebras.}},
@Comment 	publisher = "Springer",
@Comment 	%volume   = "",
@Comment 	%number   = "",
@Comment 	%series   = "",
@Comment 	%address  = "",
@Comment 	edition   = "II",
@Comment         year      = "1996",
@Comment         %month    = "",
@Comment         %note     = ""
@Comment      }

@book{ CourantHilbert53,
  author =	 {{Richard Courant and David Hilbert}},
  title =	 {{Methods~of Mathematical Physics}},
  publisher =	 {{Interscience Publishers, INC.}},
  address =	 "New York",
  year =	 1953,
}

@book{ GlimmJaffe81,
  author =	 "J. Glimm and A. Jaffe",
  title =	 {{Quantum Physics. A Functional Point of View}},
  publisher =	 "Springer",
  address =	 {{New York Heidelberg Berlin}},
  year =	 1981,
}

@book{ StreaterWightmanW00,
  author =	 {{R. F. Streater and A. S. Wightman}},
  title =	 {{PCT, Spin and~Statistic, and~All That}},
  publisher =	 "Princton Univeristy Press",
  address =	 {{Princton and~Oxford}},
  edition =	 {{I}},
  year =	 2000,
}

@book{ MitterPittnerP87,
  author =	 "Editors: H. Mitter and L. Pittner",
  title =	 {{Recent Developments in~Mathematical Physics}},
  publisher =	 "Springer-Verlang",
  address =	 {{Berlin, Heidelberg, New York, London, Paris, Tokyo}},
  edition =	 {{I}},
  year =	 1987,
}

@book{ Thirring85a,
  author =	 "Walter Thirring",
  title =	 {{Fizyka matematyczna. Tom~I: Klasyczne układy
                  dynamiczne.}},
  publisher =	 "Państwowe Wydawnictwo Naukowe",
  volume =	 {{I}},
  address =	 {{Warszawa}},
  edition =	 {{I}},
  year =	 1985,
}

@book{ Thirring85b,
  author =	 "Walter Thirring",
  title =	 {{Fizyka matematyczna. Tom~II: Klasyczna teoria
                  pola.}},
  publisher =	 "Państwowe Wydawnictwo Naukowe",
  volume =	 {{II}},
  address =	 {{Warszawa}},
  edition =	 {{I}},
  year =	 1985,
}

@book{ Thirring86,
  author =	 "Walter Thirring",
  title =	 {{Fizyka matematyczna. Tom~III: Mechanika kwantowa
                  atomów i~cząstek}},
  publisher =	 "Państwowe Wydawnictwo Naukowe",
  volume =	 {{III}},
  address =	 {{Warszawa}},
  edition =	 {{I}},
  year =	 1986,
}

@book{ Thirring87,
  author =	 "Walter Thirring",
  title =	 {{Fizyka matematyczna. Tom~IV: Mechanika kwantowa
                  wielkich układów}},
  publisher =	 "Państwowe Wydawnictwo Naukowe",
  volume =	 {{IV}},
  address =	 Warszawa,
  edition =	 {{I}},
  year =	 1987,
}

@book{ BicadzeKaliniczenko84,
  author =	 "A. W. Bicadze and D. F. Kaliniczenko",
  title =	 "Zbiór zadań z równań fizyki matematycznej",
  publisher =	 "Państwowe Wydawnictwo Naukowe",
  address =	 "Warszawa",
  edition =	 {{I}},
  year =	 1984,
}





@Comment #############################################################
@Comment #############################################################
MATEMATYKA
@Comment #############################################################
@Comment #############################################################



@Comment ##############################
LOGIKA MATEMATYCZNA


@book{ Quine74,
  author =	 "W. Van Orman Quine",
  title =	 {{Logika matematyczna}},
  publisher =	 "Państwowe Wydawnictwo Naukowe",
  address =	 "Warszawa",
  edition =	 {{I}},
  year =	 1974,
}





@Comment ##############################
TEORIA GRUP


@book{ Cvi,
  author =	 "P. Cvitanovi\'{c}",
  title =	 {{Group theory. Birdtracks, Lie's, and Exeptional
                  Groups}},
%publisher = "",
%volume   = "",
%number   = "",
%series   = "",
%address  = "",
edition   = "9.0.1",
       %year     = "",
       %month    = "",
       %note     = ""
}





@Comment ##############################
ALGEBRA


@book{ BialynickiBirulaZarysAlgebry87,
  author =	 "Andrzej Białynicki\dywiz Birula",
  title =	 {{Zarys algebry}},
  publisher =	 "Państwowe Wydawnictwo Naukowe",
  address =	 "Warszawa",
  edition =	 {{I}},
  year =	 1987,
}





@Comment ##############################
ALGEBRA LINIOWA


@book{ ArodzRosciszewskiAlgebraIGeometria05,
  author =	 "Henryk Arodź and Krzysztof Rościszewski",
  title =	 {{Algebra i~geometria analityczna w~zadaniach}},
  publisher =	 "Wydawnictwo Znak",
  address =	 "Kraków",
  edition =	 {{I}},
  year =	 2005,
}

@book{ GancarzewiczArytmetyka00,
  author =	 "Jacek Gancarzewicz",
  title =	 {{Arytmetyka}},
  publisher =	 {{Wydawnictwo Uniwersytetu Jagiellońskiego}},
  address =	 "Kraków",
  edition =	 {{I}},
  year =	 2000,
}

@book{ Gancarzewicz04,
  author =	 "Jacek Gancarzewicz",
  title =	 {{Algebra liniowa i~jej zastosowania}},
  publisher =	 {{Wydawnictwo Uniwersytetu Jagiellońskiego}},
  address =	 "Kraków",
  edition =	 {{I}},
  year =	 2004,
}

@book{ HerdegenAlgebraLiniowaIGeometria10,
  author =	 "Andrzej Herdegen",
  title =	 {{Algebra liniowa i~geometria}},
  publisher =	 "DISCEPTO",
  address =	 "Kraków",
  edition =	 {{II --~poprawione i~rozszerzone}},
  year =	 2010,
}





@Comment ###############################
ANALIZA MATEMATYCZNA


@Comment @book{ Bog07,
@Comment 	author	  = "V. I. Bogachev",
@Comment 	title	  = "Measure Theory",
@Comment 	publisher = "Springer",
@Comment 	volume    = "I",
@Comment 	%number   = "",
@Comment 	%series   = "",
@Comment 	%address  = "",
@Comment 	edition   = "I",
@Comment         year      = "2007",
@Comment         %month    = "",
@Comment         %note     = ""
@Comment      }

@book{ Fichtenholz05a,
  author =	 "G. M. Fichtenholz",
  title =	 {{Rachunek różniczkowy i~całkowy}},
  publisher =	 "Wydawnictwo Naukowe PWN",
  volume =	 {{I}},
  address =	 "Warszawa",
  edition =	 {{XII -- trzeci dodruk}},
  year =	 2005,
}

@book{ Fichtenholz04,
  author =	 "G. M. Fichtenholz",
  title =	 {{Rachunek różniczkowy i~całkowy}},
  publisher =	 "Wydawnictwo Naukowe PWN",
  volume =	 {{II}},
  address =	 "Warszawa",
  edition =	 {{XII -- drugi dodruk}},
  year =	 2004,
}

@book{ Fichtenholz05b,
  author =	 "G. M. Fichtenholz",
  title =	 {{Rachunek różniczkowy i~całkowy}},
  publisher =	 "Wydawnictwo Naukowe PWN",
  volume =	 {{III}},
  address =	 "Warszawa",
  edition =	 {{X --~drugi dodruk}},
  year =	 2004,
}

@Comment @book{ Koł78,
@Comment 	author	  = "W. Kołodziej",
@Comment 	title	  = "Analiza matematyczna",
@Comment 	publisher = "Państwowe Wydawnictwo Naukowe",
@Comment 	%volume   = "",
@Comment 	%number   = "",
@Comment 	%series   = "",
@Comment 	%address  = "",
@Comment 	edition   = "II",
@Comment         year      = "1978",
@Comment         %month    = "",
@Comment         %note     = ""
@Comment      }

@book{ KrysickiWlodarskiW05,
  author =	 "W. Krysicki, L. Włodarski",
  title =	 {{Analiza matematyczna w~zadaniach}},
  publisher =	 "Wydawnictwo Naukowe PWN",
  volume =	 {{I}},
  address =	 "Warszawa",
  edition =	 {{XXIX -- trzeci dodruk}},
  year =	 2005,
}

@book{ KrysickiWlodarskiW04,
  author =	 "W. Krysicki, L. Włodarski",
  title =	 {{Analiza matematyczna w~zadaniach}},
  publisher =	 "Wydawnictwo Naukowe PWN",
  volume =	 {{II}},
  address =	 "Warszawa",
  edition =	 {{XXVII}},
  year =	 2004,
}

@book{ Maurin74,
  author =	 "Krzysztof Maurin",
  title =	 {{Analiza. Część~I: Elementy}},
  publisher =	 "Państwowe Wydawnictwo Naukowe",
  volume =	 {{I}},
  series =	 {{Biblioteka Matematyczna}},
  address =	 {{Warszawa}},
  edition =	 {{III}},
  year =	 1974,
}

@book{ Maurin91,
  author =	 "Krzysztof Maurin",
  title =	 {{Analiza. Część~II: Ogólne struktury, funkcje
                  algebraiczne, całkowanie, analiza tensorowa}},
  volume =	 {{II}},
  publisher =	 "Wydawnictwo Naukowe PWN",
  series =	 "Biblioteka Matematyczna",
  number =	 170,
  address =	 "Warszawa",
  edition =	 {{II -- zmieninone}},
  year =	 1991,
}

@book{ Nahin15,
  author =	 "P. J. Nahin",
  title =	 "Inside Interesting Integrals",
  publisher =	 "Springer",
  address =	 {{New York, Heidelberg, Dordrecht, London}},
  edition =	 {{I}},
  year =	 2015,
}

@book{ Rudin86,
  author =	 "Walter Rudin",
  title =	 {{Analiza rzeczywista i~zespolona}},
  publisher =	 "Państwowe Wydawnictwo Naukowe",
  address =	 "Warszawa",
  edition =	 {{I}},
  year =	 1986,
}

@book{ Rudin98,
  author =	 "Walter Rudin",
  title =	 {{Analiza rzeczywista i~zespolona}},
  publisher =	 "Wydawnictwo Naukowe PWN",
  address =	 "Warszawa",
  edition =	 {{II}},
  year =	 1998,
}

@book{ Schwartz79,
  author =	 "Laurent Schwartz",
  title =	 {{Kurs analizy matematycznej}},
  publisher =	 {{Państwowe Wydawnictwo Naukowe}},
  volume =	 {{I}},
  address =	 "Warszawa",
  edition =	 {{I}},
  year =	 1979,
}


@book{ Schwartz80,
  author =	 "Laurent Schwartz",
  title =	 {{Kurs analizy matematycznej}},
  publisher =	 {{Państwowe Wydawnictwo Naukowe}},
  volume =	 {{II}},
  address =	 "Warszawa",
  edition =	 {{I}},
  year =	 1980,
}

@book{ Stankiewicz80,
  author =	 "W. Stankiewicz",
  title =	 {{Zadania z~matematyki dla wyższych uczelni
                  technicznych}},
  publisher =	 "Państwowe Wydawnictwo Naukowe",
  volume =	 "I",
  address =	 "Warszawa",
  edition =	 {{V -- zmienione}},
  year =	 1980,
}

@Comment @book{ WW67,
@Comment 	author	  = {{E. T. Whittaker, G. N. Watson}},
@Comment 	title	  = "Kurs analizy współczesnej",
@Comment 	publisher = "Państwowe Wydawnictwo Naukowe",
@Comment 	volume    = "I",
@Comment 	%number   = "",
@Comment 	%series   = "",
@Comment 	%address  = "",
@Comment 	%edition  = "",
@Comment         year      = "1967",
@Comment         %month    = "",
@Comment         %note     = ""
@Comment       }

@Comment @book{ WW68,
@Comment 	author	  = {{E. T. Whittaker, G. N. Watson}},
@Comment 	title	  = "Kurs analizy współczesnej",
@Comment 	publisher = "Państwowe Wydawnictwo Naukowe",
@Comment 	volume    = "II",
@Comment 	%edition  = "",
@Comment         year      = "1968",
@Comment       }



@Comment ##############################
RACHUNEK WARIACYJNY


@book{ GelfandFomin79,
  author =	 "I. M. Gelfand and S. W. Fomin",
  title =	 {{Rachunek wariacyjny}},
  publisher =	 "Państwowe Wydawnictwo Naukowe",
  address =	 "Warszawa",
  edition =	 {{IV}},
  year =	 1979,
}

@Comment @book{ JLJ98,
@Comment 	author	  = {{J. Jost, X. Li-Jost}},
@Comment 	title	  = "Calculus of Variations",
@Comment 	publisher = "Cambridge University Press",
@Comment 	%volume   = "",
@Comment 	%number   = "",
@Comment 	%series   = "",
@Comment 	%address  = "",
@Comment 	%edition   = "",
@Comment         year      = "1998",
@Comment         %month    = "",
@Comment         %note     = ""
@Comment       }



@Comment ##############################
ANALIZA ZESPOLONA


@book{ JakobczakJarnicki02,
  author =	 "P. Jakóbczak and M. Jarnicki",
  title =	 {{Wstęp do teorii funkcji holomorficznych wielu
                  zmiennych zespolonych}},
  publisher =	 {{Wydawnictwo Uniwersytetu Jagiellońskiego}},
  address =	 "Kraków",
  edition =	 {{I}},
  year =	 2002,
}

@book{ Leja06,
  author =	 "Franciszek Leja",
  title =	 "Funkcje zespolone",
  publisher =	 "Wydawnictwo Naukowe PWN",
  address =	 "Warszawa",
  edition =	 {{VI}},
  year =	 2006,
}

@book{ Szabat74,
  author =	 "W. B. Szabat",
  title =	 "Wstęp do analizy zespolonej",
  publisher =	 "Państwowe Wydawnictwo Naukowe",
  address =	 "Warszawa",
  edition =	 {{I}},
  year =	 1974,
}

@book{ Krzyz05,
  author =	 "J. Krzyż",
  title =	 {{Zbiór zadań z~funkcji analitycznych}},
  publisher =	 "Wydawnictwo Naukowe PWN",
  address =	 "Warszawa",
  edition =	 {{V}},
  year =	 2005,
}





@Comment ###############################
RÓWNANIA RÓŻNICZKOWE ZWYCZAJNE


@book{ Arnold75,
  author =	 "W. A. Arnold",
  title =	 {{Równania różniczkowe zwyczajne}},
  publisher =	 "Państwowe Wydawnictwo Naukowe",
  address =	 "Warszawa",
  edition =	 {{I}},
  year =	 1975,
}


@book{ Arnold83,
  author =	 "W. A. Arnold",
  title =	 "Teoria równań różniczkowych",
  publisher =	 "Państwowe Wydawnictwo Naukowe",
  address =	 "Warszawa",
  edition =	 {{I}},
  year =	 1983,
}

@Comment @book{ HNW87,
@Comment 	author	  = {{E. Hairer, S. P. N\{o}rsett, G. Wanner}},
@Comment 	title	  = {{Solving Ordinary Differential Equtions I: Nonstiff Problems}},
@Comment 	publisher = {{Springer}},
@Comment 	%volume   = "",
@Comment 	%number   = "",
@Comment 	series    = {{Springer Series in Computational Mathematics}},
@Comment 	%address  = "",
@Comment 	edition  = "I",
@Comment         year      = "1987",
@Comment         %month    = "",
@Comment         %note     = ""
@Comment      }

@book{ Matwiejew82,
  author =	 "N. M. Matwiejew",
  title =	 {{Metody całkowania równań różniczkowych
                  zwyczajnych}},
  publisher =	 "Państwowe Wydawnictwo Naukowe",
  address =	 "Warszawa",
  edition =	 {{I}},
  year =	 1982,
}

@Comment @book{ Tes12,
@Comment 	author	  = "G. Teschl",
@Comment 	title	  = {{Ordinary Differential Equations and Dynamical Systems}},
@Comment 	publisher = {{American Mathematical Society}},
@Comment 	volume    = "140",
@Comment 	%number   = "",
@Comment 	series    = {{Graduate Studies in Mathematics}},
@Comment 	%address  = "",
@Comment 	%edition  = "",
@Comment         year      = "2012",
@Comment         %month    = "",
@Comment         %note     = ""
@Comment      }



@Comment ##############################
RÓWNANIA RÓŻNICZKOWE CZĄSTKOWE


@book{ Evans08,
  author =	 "L. C. Evans",
  title =	 "Równania różniczkowe cząstkowe",
  publisher =	 "Wydawnictwo Naukowe PWN",
  address =	 "Warszawa",
  edition =	 {{I}},
  year =	 2008,
}

@book{ Hormander83,
  author =	 "L. Hormander",
  title =	 {{The Analysis of Linear Partial Differential
                  Operators I. Distributon Theory and Fourier
                  Analysis}},
  publisher =	 "Springer",
  address =	 {{}},
  edition =	 {{I}},
  year =	 1983,
}

@book{ Str06,
  author =	 "P. Strzelecki",
  title =	 {{Krótkie wprowadzenie do równań różniczkowych
                  cząstkowych}},
  publisher =	 "Wydawnictwo Uniwersytetu Warszawskiego",
  address =	 "Warszawa",
  edition =	 {{I}},
  year =	 2006,
}

@Comment @book{ Tay96,
@Comment 	author	  = "M. E. Taylor",
@Comment 	title	  = "Partial differential equations. Basic theory",
@Comment 	publisher = "Springer",
@Comment 	volume    = "I",
@Comment 	%number   = "",
@Comment 	%series   = "",
@Comment 	%address  = "",
@Comment 	%edition  = "",
@Comment         year      = "1996",
@Comment      }



@Comment ##############################
ANALIZA FUNKCJONALNA


@book{ Balakrishnan92,
  author =	 "A. V. Balakrishnan",
  title =	 {{Analiza funkcjonalna stosowana}},
  publisher =	 {{Wydawnictwo Naukowe PWN}},
  address =	 {{Warszawa}},
  edition =	 {{I}},
  year =	 1992,
}

@book{ ChmielinskiAnalizaFunkcjonalna04,
  author =	 "J. Chmieliński",
  title =	 {{Analiza funkcjonalna. Notatki do~wykładu}},
  publisher =	 "Wydawnictwo Naukowe Akademii Pedagogicznej",
  address =	 "Kraków",
  edition =	 {{II --~uzupełnione}},
  year =	 2004,
}

@book{ PrusStachuraAnalizaFunkcjonalnaWZadaniach07,
  author =	 "S. Prus and A. Stachura",
  title =	 {{Analiza funkcjonalna w~zadaniach}},
  publisher =	 "Wydawnictwo Naukowe PWN",
  address =	 "Warszawa",
  edition =	 {{I}},
  year =	 2007,
}

@book{ ReedSimonvI80,
  author =	 "M. Reed and B. Simon",
  title =	 {{Methods of Modern Mathematical Physics~I:
                  Functional Analysis}},
  publisher =	 "Academic Press",
  address =	 {{San Diego, New York, Boston, London, Sydney, Tokyo,
                  Toronto}},
  year =	 1980,
}

@Comment @book{ RS75,
@Comment 	author	  = {{M. Reed, B. Simon}},
@Comment 	title	  = {{Methods of Modern Mathematical Physics II: Fourier Analysis, Self-Adjointness}},
@Comment 	publisher = "Academic Press, Inc.",
@Comment 	%volume   = "",
@Comment 	%number   = "",
@Comment 	%series   = "",
@Comment 	%address  = "",
@Comment 	%edition  = "I",
@Comment         year      = "1975",
@Comment         %month    = "",
@Comment         %note     = ""
@Comment      }

@Comment @book{ RS79,
@Comment 	author	  = {{M. Reed, B. Simon}},
@Comment 	title	  = {{Methods of Modern Mathematical Physics III: Scattering Theory}},
@Comment 	publisher = "Academic Press, Inc.",
@Comment 	%volume   = "",
@Comment 	%number   = "",
@Comment 	%series   = "",
@Comment 	%address  = "",
@Comment 	%edition  = "I",
@Comment         year      = "1979",
@Comment         %month    = "",
@Comment         %note     = ""
@Comment      }

@book{ ReedSimonvIV78,
  author =	 "M. Reed and B. Simon",
  title =	 {{Methods of Modern Mathematical Physics IV: Analysis
                  of Operators}},
  publisher =	 "Academic Press, Inc.",
  address =	 {{New York, San Francisco, London}},
  edition =	 {{I}},
  year =	 1978,
}

@book{ RudinAnalizaFunkcjonalna02,
  author =	 "Walter Rudin",
  title =	 "Analiza funkcjonalna",
  publisher =	 "Wydawnictwo Naukowe PWN",
  address =	 {{Warszawa}},
  edition =	 {{II}},
  year =	 2002,
}



@Comment ##############################
GEOMETRIA RÓŻNICZKOWA


@book{ GancarzewiczOpozda03,
  author =	 "J. Gancarzewicz, B. Opozda",
  title =	 {{Wstęp do geometrii różniczkowej}},
  publisher =	 "Wydawnictwo Uniwersytetu Jagiellońskiego",
  address =	 {{Kraków}},
  edition =	 {{I}},
  year =	 2003,
}

@book{ GancarzewiczZarysWspolczesnejGeometriiRozniczkowej10,
  author =	 "J. Gancarzewicz",
  title =	 {{Zarys współczesnej geometrii różniczkowej}},
  publisher =	 "SCRIPT",
  address =	 {{Warszawa}},
  edition =	 {{I}},
  year =	 2010,
}

@book{ GdowskiElementGeometriiRozniczkowejZZadaniami99,
  author =	 "B. Gdowski",
  title =	 {{Elementy geometrii różniczkowej z zadaniami}},
  publisher =	 {{Oficyna Wydawnicza Politechniki Warszawskiej}},
  address =	 "Warszawa",
  edition =	 {{IV}},
  year =	 1999,
}

@book{ Flanders69,
  author =	 "H. Flanders",
  title =	 {{Teoria form różniczkowych}},
  publisher =	 "Państwowe Wydawnictwo Naukowe",
  address =	 "Warszawa",
  edition =	 {{I}},
  year =	 1969,
}

@book{ Lee13,
  author =	 "J. M. Lee",
  title =	 {{Introduction to Smooth Manifolds}},
  publisher =	 "Springer",
  number =	 218,
  series =	 {{Graduate Texts in Mathematics}},
  address =	 {{New York, Heidelberg, Dordrechet, London}},
  edition =	 {{II}},
  year =	 2013,
}



@Comment ##############################
TEORIA OPERATORÓW I C* ALGEBR


@Comment @book{ BR02a,
@Comment 	author	  = {{O. Bratteli, D. W. Robinson}},
@Comment 	title	  = "Operatores algebras and quantum statistical mechanics",
@Comment 	publisher = "Springer",
@Comment 	volume    = "I",
@Comment 	%number   = "",
@Comment 	%series   = "",
@Comment 	%address  = "",
@Comment 	edition   = "II -- Reprint",
@Comment         year      = "2002",
@Comment         %month    = "",
@Comment         %note     = ""
@Comment      }

@Comment @book{ BR02b,
@Comment 	author	  = {{O. Bratteli, D. W. Robinson}},
@Comment 	title	  = "Operatores algebras and quantum statistical mechanics",
@Comment 	publisher = "Springer",
@Comment 	volume    = "II",
@Comment 	%number   = "",
@Comment 	%series   = "",
@Comment 	%address  = "",
@Comment 	edition   = "II -- Reprint",
@Comment         year      = "2002",
@Comment         %month    = "",
@Comment         %note     = ""
@Comment      }

@Comment @book{ Tak79,
@Comment 	author	  = "M. Takesaki",
@Comment 	title	  = "Theory of operator algebras",
@Comment 	publisher = "Springer",
@Comment 	volume    = "I",
@Comment 	%number   = "",
@Comment 	%series   = "",
@Comment 	%address  = "",
@Comment 	%edition  = "",
@Comment         year      = "1979",
@Comment         %month    = "",
@Comment         %note     = ""
@Comment      }



@Comment ##############################
TEORIA DYSTRYBUCJI


@book{ GelfandShilov64,
  author =	 "I. M. Gelfand and G. V. Shilov",
  title =	 {{Generalized Functions: Volume I, Properties and
                  Operations}},
  publisher =	 "Academic Press",
  address =	 "New York and London",
  year =	 1964,
}

@book{ ZemanianTeoriaDystrybucji69,
  author =	 "Armen H.~Zemanian",
  title =	 {{Teoria dystrybucji i~analiza transformat}},
  publisher =	 "Państwowe Wydawnictwo Naukowe",
  address =	 "Warszawa",
  edition =	 {{I}},
  year =	 1969,
}





@Comment ###############################
RACHUNEK PRAWDOPODOBIEŃSTWA


@book{ Feller06,
  author =	 "W. Feller",
  title =	 {{Wstęp do rachunku prawdopodobieństwa}},
  publisher =	 {{Wydawnictwo Naukowe PWN}},
  address =	 "Warszawa",
  edition =	 {{VI}},
  year =	 2006,
}





@Comment ###############################
ZBIORY ZADAŃ


@book{ DrobkaSzymanski93,
  author =	 "N. Dróbka, K. Szymański",
  title =	 {{Zbiór zadań z matematyki}},
  publisher =	 "Wydawnictwo Szkolne i Pedagogiczne",
  address =	 "Warszawa",
  edition =	 {{III}},
  year =	 1993,
}





@Comment ###############################
DZIEŁA ZBIORCZE


@book{ ZL78,
  author =	 "W. Żakowski, W. Leksiński",
  title =	 {{Matematyka. Część IV.}},
  publisher =	 "Wydawnictwo Naukowo-Techniczne",
  address =	 "Warszawa",
  edition =	 {{V --~poprawione}},
  year =	 1978,
}





@Comment #############################################################
@Comment #############################################################
BIOLOGIA
@Comment #############################################################
@Comment #############################################################


@book{ ZarysMechanizmowEwolucji02,
  author =	 {{H. Krzanowska and A. Łomnicki and J. Rafiński and
                  H. Szarski and J. M. Szymura}},
  title =	 {{Zarys mechanizmów ewolucji}},
  publisher =	 "Wydawnictwo Naukowe PWN",
  address =	 {{Warszawa}},
  edition =	 {{III -- zmienione}},
  year =	 2002,
}

@book{ KG80,
  author =	 "Władysław J.~H.~Kunicki\dywiz Goldfinger",
  title =	 {{Podstawy biologii. Od~bakterii do~człowieka.}},
  publisher =	 "Państwowe Wydawnictwo Naukowe",
  address =	 {{Warszawa}},
  edition =	 {{II}},
  year =	 1980,
}





@Comment #############################################################
@Comment #############################################################
CHEMIA
@Comment #############################################################
@Comment #############################################################


@book{ Pauling59,
  author =	 "L. Pauling",
  title =	 {{Chemia ogólna. Wstęp do chemii opisowej z~zarysem
                  nowoczesnych teorii}},
  publisher =	 "Państwowe Wydawnictwo Naukowe",
  address =	 "Warszawa",
  edition =	 {{I}},
  year =	 1959,
}

@book{ PazdroChemiaDlaKandydatow82,
  author =	 {{K. M. Pazdro}},
  title =	 {{Chemia dla kandydatów na wyższe uczelnie}},
  publisher =	 "Państwowe Wydawnictwo Naukowe",
  address =	 "Warszawa",
  edition =	 {{II}},
  year =	 1982,
}





@Comment #############################################################
@Comment #############################################################
POPULARNONAUKOWE
@Comment #############################################################
@Comment #############################################################


@book{ Hawking90,
  author =	 "Stephen W. Hawking",
  title =	 {{Krótka historia czasu. Od Wielkiego Wybuchu
                  do~czarnych dziur}},
  publisher =	 {{Wydawnictwo ,,ALFA''}},
  address =	 "Warszawa",
  edition =	 {{I}},
  year =	 1990,
}

@book{ YauNadisGeometriaTeoriiStrun12,
  author =	 "Shing\dywiz Tung Yau and Steve Nadis",
  title =	 {{Geometria teorii strun. Ukryte wymiary
                  przestrzeni}},
  publisher =	 {{Prószyński i~S\dywiz ka}},
  address =	 "Warszawa",
  edition =	 {{I}},
  year =	 2012,
}

@Comment @book{ RPDDR,
@Comment 	author	  = {{R. Penrose}},
@Comment 	title	  = "Droga do rzeczywistości",
@Comment 	publisher = "Prószyński i S-ka",
@Comment 	%volume   = "",
@Comment 	%number   = "",
@Comment 	%series   = "",
@Comment 	%address  = "",
@Comment 	%edition  = "",
@Comment         %year      = "",
@Comment         %month    = "",
@Comment         %note     = ""
@Comment      }





@Comment #############################################################
@Comment #############################################################
INFORMATYKA
@Comment #############################################################
@Comment #############################################################


@book{ Grebosz06,
  author =	 {{J. Gr\k{e}bosz}},
  title =	 {{Symfonia C++ standard}},
  publisher =	 {{EDITION 2000}},
  address =	 "Kraków",
  edition =	 {{II}},
  year =	 2006,
}

@book{ Gre08a,
  author =	 "J. Grebosz",
  title =	 {{Symfonia C++ standard}},
  publisher =	 {{EDITION 2000}},
  volume =	 {{I}},
  address =	 {{Kraków}},
  edition =	 {{III B --~rozszerzone i~poprawione}},
  year =	 2008,
}

@book{ Gre08b,
  author =	 "Jacek Gr\k{e}bosz",
  title =	 {{Symfonia C++ standard}},
  publisher =	 {{EDITION 2000}},
  volume =	 {{II}},
  address =	 {{Kraków}},
  edition =	 {{III B -- rozszerzone i~poprawione}},
  year =	 2008,
}

@Comment @book{ HMU05,
@Comment 	author	  = {{J. E. Hopcroft, R. Motwani, J. D. Ullman}},
@Comment 	title	  = "Wprowadzenie do teorii automatów, języków i obliczeń",
@Comment 	publisher = "Wydawnictwo Naukowe PWN",
@Comment 	%volume   = "",
@Comment 	%number   = "",
@Comment 	%series   = "",
@Comment 	%address  = "",
@Comment 	edition   = "II",
@Comment         year      = "2005",
@Comment         %month    = "",
@Comment         %note     = ""
@Comment      }

@book{ KR01,
  author =	 "B. W. Kernighan and D. M. Ritchie",
  title =	 {{Jezyk ANSI C}},
  publisher =	 {{Wydawnictwo Naukowo\dywiz Techniczne}},
  address =	 {{Warszawa}},
  edition =	 {{VI}},
  year =	 2001,
}

@book{ Petersen15,
  author =	 "Mickey Petersen",
  title =	 {{Mastering Emacs}},
  publisher =	 {{https://www.masteringemacs.org/book}},
  address =	 {{}},
  edition =	 {{I}},
  year =	 2015,
}





@Comment #############################################################
@Comment #############################################################
POLSKA HISTORIA
@Comment #############################################################
@Comment #############################################################


@book{ Butterwick12,
  author =	 "Richard Butterwick",
  title =	 {{Polska Rewolucja a~Kościół Katolicki 1788--1792}},
  publisher =	 {{Wydawnictwo ARCANA}},
  address =	 {{Kraków}},
  edition =	 {{I}},
  year =	 2012,
}

@book{ CenckiewiczAnnaSolidarnosc10,
  author =	 "Sławomir Cenckiewicz",
  title =	 {{Anna Solidarność. Życie i~działalność Anny
                  Walentynowicz na~tle epoki (1929--2010)}},
  publisher =	 {{Zysk i S\dywiz ka}},
  address =	 {{Poznań}},
  edition =	 {{I}},
  year =	 2010,
}

@book{ DaviesSerceEuropy14,
  author =	 "Norman Davies",
  title =	 {{Serce Europy}},
  publisher =	 {{Wydawnictwo ZNAK}},
  address =	 {{Kraków}},
  edition =	 {{I}},
  year =	 2014,
}

@book{ DlugoszRoczniki09a,
  author =	 "Jan Długosz",
  title =	 {{Jana Długosza Roczniki czyli Kroniki Sławnego
                  Królestwa Polskiego. Ks.~1, Ks.~2, do~1038}},
  publisher =	 {{Wydawnictwo Naukowe PWN}},
  address =	 {{Warszawa}},
  edition =	 {{I}},
  year =	 2009,
}

@book{ NowakDziejePolskivI14a,
  author =	 "Andrzej Nowak",
  title =	 {{Dzieje Polski. Tom~I: Skąd nasz ród}},
  publisher =	 {{Biały Kruk}},
  address =	 "Kraków",
  edition =	 {{I}},
  year =	 2014,
}





@Comment #############################################################
@Comment #############################################################
POLSKA KULTURA
@Comment #############################################################
@Comment #############################################################


@book{ ArczydzialaLiteraturyPolskiejII88,
  author =	 "Red. S. Grzeszczuka and A. Niewolak\dywiz Krzywda",
  title =	 {{Arcydzieła Literatury Polskiej}},
  publisher =	 "Krajowa Agencja Wydawnicza",
  volume =	 {{II}},
  address =	 "Rzeszów",
  year =	 1988,
}

@book{ BizanHertzGlosyDoBalladyny70,
  author =	 "Marian Bizan and Paweł Hertz",
  title =	 {{Glosy do ,,Balladyny''}},
  publisher =	 "Państwowy Instytut Wydawniczy",
  address =	 "Warszawa",
  year =	 1970,
}

@book{ DopartPoematProfetyczny02,
  author =	 "Bogusław Dopart",
  title =	 {{Poemat profetyczny. O~,,Dziadach'' drezdeńskich
                  Adama Mickiewicza}},
  publisher =	 "Księgarnia Akademicka",
  address =	 "Kraków",
  edition =	 {{I}},
  year =	 2002,
}

@book{ Kakolewski98,
  author =	 "Krzysztof Kąkolewski",
  title =	 {{Diament odnaleziony w~popiele}},
  publisher =	 {{Wydawnictwo von Borowiecky}},
  address =	 "Warszawa",
  edition =	 {{II}},
  year =	 1998,
}

@book{ KaniewskaLegezynskaSliwinski05,
  author =	 "B. Kaniewska, A. Legeżyńska, P. Śliwiński",
  title =	 {{Literatura polska XX wieku}},
  publisher =	 {{Wydawnictwo Poznańskie}},
  address =	 "Poznań",
  year =	 2005,
}

@book{ KwiatkowskiSzeptanka90,
  author =	 "Tadeusz Kwiatkowski",
  title =	 {{Szeptanka}},
  publisher =	 {{Oficyna Cracovia}},
  address =	 "Kraków",
  edition =	 {{I}},
  year =	 1990,
}

@book{ RymkiewiczSamuelZborowski10,
  author =	 "Jarosław Marek Rymkiewicz",
  title =	 {{Samuel Zborowski}},
  publisher =	 {{Wydawnictwo Sic!}},
  address =	 "Warszawa",
  edition =	 {{I}},
  year =	 2010,
}

@book{ SokolowskiKrolDuchSlowackiego04,
  author =	 "Mikołaj Sokołowski",
  title =	 {{,,Król Duch'' Juliusza Słowackiego a~epopeja
                  słowiańska}},
  publisher =	 {{Instytut Badań Literackich PAN}},
  address =	 "Warszawa",
  edition =	 {{I}},
  year =	 2004,
}

@book{ SowaFantomoweCialoKrola11,
  author =	 "Jan Sowa",
  title =	 {{Fantomowe ciało króla. Peryferyjne zmagania
                  z~nowoczesną formą}},
  publisher =	 "UNIVERSITAS",
  address =	 "Kraków",
  edition =	 {{I}},
  year =	 2011,
}

@book{ MistrzWincentyKonferencja01,
  author =	 "Red. Krzysztof R.~Prokop",
  title =	 {{Mistrz Wincenty Kadłubek. Człowiek i~dzieło,
                  pośmiertny kult i~legenda.}},
  publisher =	 {{Polska Akademia Umiejętności}},
  address =	 "Kraków",
  edition =	 {{I}},
  year =	 2001,
}

@Comment B. K\"urbis ,,Jak Mistrz Wincenty pisał historię Polski''.
@Comment Praca znajduje sie w książce opisanej powyżej.





@Comment #############################################################
@Comment ##############################################################
KULTURA
@Comment ##############################################################
@Comment #############################################################


@book{ AdamskiWojnaSwiatowWPopkulturze11,
  author =	 "Ł. Adamski",
  title =	 {{Wojna światów w~popkulturze}},
  publisher =	 "Wydawnictwo Wektory",
  address =	 {{Bielany Wrocławskie}},
  edition =	 {{I}},
  year =	 2011,
}

@book{ AltermattKatolicyzmANowoczesnySwiat95,
  author =	 "U. Altermatt",
  title =	 {{Katolicyzm a~Nowoczesny Świat}},
  publisher =	 "Wydawnictwo Znak",
  address =	 "Kraków",
  edition =	 {{I}},
  year =	 1995,
}

@book{ BrunettoLatiniSkarbiecWiedzy92,
  author =	 "Brunetto Latini",
  title =	 {{Skarbiec wiedzy}},
  publisher =	 {{Państwowy Instytut Wydawniczy}},
  address =	 {{Warszawa}},
  edition =	 {{}},
  year =	 {{1992}},
}

@book{ Chrzanowski03,
  author =	 "Maciej Chrzanowski",
  title =	 {{Interpretacje wierszy dla~klas licealnych}},
  publisher =	 "Wydawnictwo SKRYPT",
  address =	 {{Warszawa}},
  edition =	 {{}},
  year =	 {{2003}},
}

@book{ Dmochowski14,
  author =	 "Artur Dmochowski",
  title =	 {{Kościół ,,Wyborczej''. Największa operacja
                  resortowych dzieci}},
  publisher =	 "Wydawnictwo Słowa i~Myśli",
  address =	 {{Warszawa}},
  edition =	 {{I}},
  year =	 {{2014}},
}

@book{ DoveyKennedyKulturaGierKomputerowych11,
  author =	 "Jon Dovey and Helen W~Kennedy",
  title =	 {{Kultura gier komputerowych}},
  publisher =	 {{Wydawnictwo Uniwersytetu Jagiellońskiego}},
  address =	 {{Kraków}},
  edition =	 {{I}},
  year =	 {{2011}},
}

@Comment @book{ BM09,
@Comment 	author	  = {{A. Burzyńska, M. P. Markowski}},
@Comment 	title	  = {{Teorie literatury XX wieku}},
@Comment 	publisher = "Znak",
@Comment 	%volume   = "",
@Comment 	%number   = "",
@Comment 	%series   = "",
@Comment 	%address  = "",
@Comment 	%edition  = "",
@Comment         year      = "2009",
@Comment         %month    = "",
@Comment         %note     = ""
@Comment      }

@Comment @book{ Che74,
@Comment 	author	  = {{G. K. Chesterton}},
@Comment 	title	  = "Pisma wybrane",
@Comment 	publisher = "Znak",
@Comment 	%volume   = "",
@Comment 	%number   = "",
@Comment 	%series   = "",
@Comment 	%address  = "",
@Comment 	%edition  = "",
@Comment         year      = "1974",
@Comment         %month    = "",
@Comment         %note     = ""
@Comment      }

@Comment @book{ CW74,
@Comment 	author	  = {{B. Chrząstowska, S. Wysołuch}},
@Comment 	title	  = "Wiadomości z teorii literatury w analizie literackiej",
@Comment 	publisher = "Wydawnictwo Szkolne i Pedagogiczne",
@Comment 	%volume   = "",
@Comment 	%number   = "",
@Comment 	%series   = "",
@Comment 	%address  = "",
@Comment 	edition  = "I",
@Comment         year      = "1974",
@Comment         %month    = "",
@Comment         %note     = ""
@Comment      }

@book{ ChrzastowskaWysoluch,
  author =	 "B. Chrząstowska and S. Wysołuch",
  title =	 {{Poetyka stosowana}},
  publisher =	 {{Wydawnictwo Szkolne i~Pedagogiczne Spółka Akcyjna}},
  address =	 {{Warszawa}},
  edition =	 {{I}},
  year =	 {{2000?}},
}

@book{ Hahn09,
  author =	 "Scott Hahn and Kimberly Hahn",
  title =	 {{W~domu najlepiej. Nasza droga do Kościoła
                  katolickiego}},
  publisher =	 {{Wydawnictwo Księży Marianów MIC}},
  address =	 "Warszawa",
  edition =	 {{II}},
  year =	 2009,
}

@book{ KarlowiczSokratesIInniSwieci05,
  author =	 "Dariusz Karłowicz",
  title =	 {{Sokrates i~inni święci. O~postawie starożytnych
                  chrześciajn wobec rozumu i~filozofii}},
  publisher =	 {{Fronda, Ośrodek Myśli Politycznej}},
  address =	 "Warszawa",
  edition =	 {{I}},
  year =	 2005,
}

@book{ KrasnodebskiPostrmoderinstyczneRozterkiKultury96,
  author =	 "Zdzisław Krasnodębski",
  title =	 {{Postmodernistyczne rozterki kultury}},
  publisher =	 {{Oficyna Naukowa}},
  address =	 "Warszawa",
  edition =	 {{I}},
  year =	 1996,
  series =	 {{Terminus}},
  volume =	 {{8}},
}

@book{ KrasnodebskiDrzemkaRozsadnych06,
  author =	 "Zdzisław Krasnodębski",
  title =	 {{Drzemka rozsądnych. Zebrane eseje i~szkice}},
  publisher =	 {{Ośrodek Myśli Politycznej. Wyższa Szkoła Europejska
                  im.~ks.~Józefa Tischnera.}},
  address =	 "Kraków",
  edition =	 {{I}},
  year =	 2006,
}

@book{ KrasnodebskiWiekszegoCuduNieBedzie11,
  author =	 "Zdzisław Krasnodębski",
  title =	 {{Większego cudu nie będzie. Zebrane eseje
                  i~szkice~IV}},
  publisher =	 {{Ośrodek Myśli Politycznej}},
  address =	 "Kraków",
  edition =	 {{I}},
  year =	 2011,
}

@book{ Krasnodebski12,
  author =	 "Zdzisław Krasnodębski",
  title =	 {{Zwycięzca po przejściach: zebrane eseje
                  i~szkice~V}},
  publisher =	 {{Ośrodek Myśli Politycznej}},
  address =	 "Kraków",
  edition =	 {{I}},
  year =	 2012,
}

@book{ LewisOdrzuconyObraz08,
  author =	 "C. S. Lewis",
  title =	 {{Odrzucony obraz. Wprowadzenie do~literatury
                  średniowiecznej i~renesansowej}},
  publisher =	 {{Wydawnictwo ZNAK}},
  address =	 "Kraków",
  edition =	 {{II}},
  year =	 2008,
}

@book{ Oramus15,
  author =	 "Dominika Oramus",
  title =	 {{Darwinowskie paradygmant. Mit teorii ewolucji
                  w~kulturze współczesnej}},
  publisher =	 {{Copernicus Ceter Press}},
  address =	 "Kraków",
  edition =	 {{I}},
  year =	 2015,
}

@book{ SokalBricmontModneBzdury04,
  author =	 "Alan Sokal and Jean Bricmont",
  title =	 {{Modne bzdury. O~nadużywaniu pojęć z~zakresu nauk
                  ścisłych przez postmodernistycznych
                  intelektualistów}},
  publisher =	 "Prószyński i~S\dywiz ka",
  address =	 "Warszawa",
  edition =	 {{II?}},
  year =	 2004,
}

@book{ Stoch15,
  author =	 "Magdalena Stoch",
  title =	 {{Gender na~lekcjach polskiego}},
  publisher =	 "Wydawnictwo Edukacyjne",
  address =	 "Kraków",
  edition =	 {{I}},
  year =	 2015,
}

@book{ Edensor04,
  author =	 "Tim Edensor",
  title =	 {{Tożsamość narodowa, kultura popularna i~życie
                  codzienne}},
  publisher =	 {{Wydawnictwo Uniwersytetu Jagiellońskiego}},
  series =	 "Cultura",
  address =	 "Kraków",
  edition =	 {{I}},
  year =	 2004,
}

@book{ Ericson14,
  author =	 "C. Ericson",
  title =	 {{Oligarchowie. Pieniądze i~władza w~kapitalistycznej
                  Rosji}},
  publisher =	 "Wraszawskie Wydawnictwo Literackie MUZA SA",
  address =	 "Warszawa",
  edition =	 {{I}},
  year =	 2014,
}

@book{ GolicynNoweKlamstwa,
  author =	 "A. Golicyn",
  title =	 {{Nowe kłamstwa w~miejsce starych}},
  publisher =	 {{Wydawnictwa Antyk --~Marcin Dybowski}},
  series =	 "Psychosocjotechnika, manipulacja",
  address =	 "Komorów",
  edition =	 {{II}},
  year =	 {{}},
}

@Comment @book{ GOSS91,
@Comment 	author	  = {{M. Głowiński, A. Okopień-Sławińska, J. Sławiński}},
@Comment 	title	  = "Zarys teorii literatury",
@Comment 	publisher = {{Wydawnictwa Szkolne i Pedagogiczne}},
@Comment 	%volume   = "",
@Comment 	%number   = "",
@Comment 	%series   = "",
@Comment 	%address  = "",
@Comment 	edition   = "VI -- poprawione",
@Comment         year      = "1991",
@Comment         %month    = "",
@Comment         %note     = ""
@Comment      }



@Comment @book{ Hof12,
@Comment 	author	  = {{M. Hoffman}},
@Comment 	title	  = "Judaizm zdemaskowany!",
@Comment 	publisher = {{ANTYK}},
@Comment 	volume   = "I",
@Comment 	%number   = "",
@comment 	%series   = "",
@Comment 	%address  = "",
@Comment 	%edition   = "",
@Comment         year      = "2012",
@Comment         %month    = "",
@Comment         %note     = ""
@Comment      }

@book{ HohlerMatkaChrzestna13,
  author =	 "G. H\"{o}hler",
  title =	 {{Matka chrzestna. Jak Angela Merkel przebudowuje
                  Niemcy}},
  publisher =	 {{Zysk i~S\dywiz ka}},
  address =	 {{Poznań}},
  edition =	 {{I}},
  year =	 {{2013?}},
}

@Comment @book{ Jon07,
@Comment 	author	  = "Michael Jones",
@Comment 	title	  = {{Gwiazda i Krzyż}},
@Comment 	publisher = {{Wektory}},
@Comment 	%volume   = "",
@Comment 	%number   = "",
@Comment 	%series   = "",
@Comment 	%address  = "",
@Comment 	edition   = "I",
@Comment         year      = "2007",
@Comment         %month    = "",
@Comment         %note     = ""
@Comment      }


@book{ McGrathBogDawkinsa08,
  author =	 "Alister McGrath",
  title =	 {{Bóg Dawkinsa. Geny, memy i~sens życia}},
  publisher =	 {{Wydawnictwo Uniwersytetu Jagiellońskiego}},
  address =	 {{Kraków}},
  series =	 "edios",
  edition =	 {{I}},
  year =	 2008,
}

@book{ EMichaelJonesLibidoDominandi13,
  author =	 "E. Michael Jones",
  title =	 {{Libido dominandi. Seks jako narzędzie kontroli
                  społecznej}},
  publisher =	 {{Wektory}},
  address =	 {{Wrocław}},
  edition =	 {{I}},
  year =	 2013,
}

@book{ EMichaelJonesZdeprawowaniModernisci14,
  author =	 "E. Michael Jones",
  title =	 {{Zdeprawowani moderniści. Nowoczesność jako
                  usprawiedliwienie seksualnej amoralności}},
  publisher =	 {{Wektory}},
  address =	 {{Wrocław}},
  edition =	 {{I}},
  year =	 2014,
}

@book{ EMichaelJonesJalowyPieniadzvI15a,
  author =	 "E. Michael Jones",
  title =	 {{Jałowy pieniądz. Historia kapitalizmu jako
                  konfliktu między pracą a~lichwą. Tom~I:
                  Od~Medyceuszy do Newtona}},
  publisher =	 {{Wektory}},
  address =	 {{Wrocław}},
  edition =	 {{I}},
  year =	 2015,
}

@Comment @book{ Kim08,
@Comment 	author	  = "R. Kimball",
@Comment 	title	  = {{Długi marsz. Jak rewolucja kulturalna z lat 60. zmieniła Amerykę.}},
@Comment 	publisher = {{Sprawy Polityczne s.c.}},
@Comment 	%volume   = "",
@Comment 	%number   = "",
@Comment 	%series   = "",
@Comment 	%address  = "",
@Comment 	edition   = "I",
@Comment         year      = "2008",
@Comment         %month    = "",
@Comment         %note     = ""
@Comment      }

@book{ KsNeuhausProrokZNowegoYorku10,
  author =	 "Ks. R. J. Neuhaus",
  title =	 {{Prorok z~Nowego Yorku. Wybór publicystyki
                  i~wywiadów}},
  publisher =	 {{FRONDA PL Sp. z o.o.}},
  address =	 "Warszawa",
  edition =	 {{I}},
  year =	 2010,
}

@book{ RogalskiTomaszMann75,
  author =	 "Aleksander Rogalski",
  title =	 {{Tomasz Mann. Dzieje rozwoju osobowości twórczej}},
  publisher =	 {{Instytut Wydawniczy PAX}},
  address =	 "Warszawa",
  edition =	 {{I}},
  year =	 1975,
}





@Comment ##############################################################
@Comment ##############################################################
GRY KOMPUTEROWE
@Comment ##############################################################
@Comment ##############################################################


@book{ KubinskiGryWideo16,
  author =	 "Piotr Kubiński",
  title =	 {{Gry wideo. Zarys poetyki}},
  publisher =	 {{Wydawnictwo UNIVERSITAS}},
  address =	 "Kraków",
  edition =	 {{I}},
  year =	 2016,
}





@Comment #############################################################
@Comment #############################################################
FILM
@Comment #############################################################
@Comment #############################################################


@book{ DeluzeKino08,
  author =	 "Gilles Deleuze",
  title =	 "Kino. 1. Obraz\dywiz{}ruch. 2. Obraz\dywiz{}czas.",
  publisher =	 {{słowo/obraz terytoria}},
  series =	 "Klasyka Światowej Humanistyki",
  address =	 "Gdańsk",
  edition =	 {{I}},
  year =	 2008,
}

@book{ KletowskiKinoDalekiegoWschodu09,
  author =	 "Piotr Kletowski",
  title =	 {{Kino Dalekiego Wschodu}},
  publisher =	 {{Wydawnictwo Krytyki Politycznej}},
  address =	 "Warszawa",
  edition =	 {{I}},
  year =	 2009,
}

@book{ RedKletowskiEuropejskieKinoGatunkow16,
  author =	 "Red. Piotr Kletowski",
  title =	 {{Europejskie Kino Gatunków}},
  publisher =	 {{Wydawnictwo Uniwersytetu Jagiellońskiego}},
  address =	 "Kraków",
  edition =	 {{I}},
  year =	 2016,
}

@book{ KrolikiewiczGoraStoi95,
  author =	 "Grzegorz Królikiewicz",
  title =	 {{Góra stoi! Próba analizy filmu Akiry Kurosawy
                  ,,Sobowtór''}},
  publisher =	 {{Studio Filmowe~N}},
  address =	 "Łódź",
  edition =	 {{I}},
  year =	 1995,
}

@book{ LoskaHitchcock02,
  author =	 "Krzysztof Loska",
  title =	 {{Hitchcock --~autor wśród gatunków}},
  publisher =	 {{Rabid}},
  address =	 "Kraków",
  edition =	 {{I}},
  year =	 2002,
}




@Comment ##############################################################
@Comment ##############################################################
MITOLOGIE
@Comment ##############################################################
@Comment ##############################################################


@book{ Kunstler81,
  author =	 {{Mieczysław J. K\"{u}nstler}},
  title =	 {{Mitologia chińska}},
  series =	 "Mitologie świata",
  publisher =	 {{Wydawnictwa Artystyczne i~Filmowe}},
  address =	 "Warszawa",
  @Comment edition =	 {{II}}, Popraw
  year =	 1981,
}

@book{ LyczkowskaSzarzynskaMitologiaMezopotamii81,
  author =	 {{Krystyna Łyczkowska and Krystyna Szarzyńska}},
  title =	 {{Mitologia Mezopotamii}},
  series =	 "Mitologie świata",
  publisher =	 {{Wydawnictwa Artystyczne i~Filmowe}},
  address =	 "Warszawa",
  edition =	 {{I}},
  year =	 1981,
}

@book{ Piekarczyk79,
  author =	 "Stanisława Piekarczyk",
  title =	 {{Mitologia Germańska}},
  publisher =	 {{Wydawnictwa Artystyczne i~Filmowe}},
  address =	 "Warszawa",
  edition =	 {{I}},
  year =	 1979,
}

@book{ TubielewiczMitologiaJaponii80,
  author =	 "Jolanta Tubielewicz",
  title =	 {{Mitologia Japonii}},
  series =	 "Mitologie świata",
  publisher =	 {{Wydawnictwa Artystyczne i~Filmowe}},
  address =	 "Warszawa",
  edition =	 {{II}},
  year =	 1980,
}





@Comment #############################################################
@Comment ##############################################################
HISTORIA
@Comment ##############################################################
@Comment #############################################################



@Comment ###############################
ŚWIAT PO 1914 R.


@book{ JohnsonHistoriaSwiataXXWiekuvI09a,
  author =	 "Paul Johnson",
  title =	 {{Historia świata XX wieku, od~rewolucji
                  Październikowej do~,,Solidarności''}},
  publisher =	 {{Fijorr Publishing}},
  address =	 {{Warszawa}},
  edition =	 {{I}},
  year =	 2009,
}





@Comment ###############################
ŚWIAT PO 1945 R.


@book{ JudtPowojnie16,
  author =	 "Tony Judt",
  title =	 {{Powojnie. Historia Europy od~roku~1945}},
  publisher =	 {{Dom Wydawniczy Rebis}},
  address =	 {{Poznań}},
  edition =	 {{I~(dodruk)}},
  year =	 2016,
}





@Comment ###############################
ŚWIAT PO 1989 R.





@Comment ###############################
RÓŻNE DZIEŁA HISTORYCZNE


@book{ AudisioChiaraTworcyZjednoczonejEuropy07,
  author =	 "Giuseppe Audisio and Alberto Chiara",
  title =	 {{Twórcy Zjednoczonej Europy. Robert Schuman, Konrad
                  Adenauer, Alicide de~Gasperi}},
  publisher =	 {{Instytut Wydawniczy PAX}},
  address =	 {{Warszawa}},
  edition =	 {{I}},
  year =	 2007,
}

@book{ GordonNowozytnaHistoriaJaponii10,
  author =	 "Andrew Gordon",
  title =	 {{Nowożytna historia Japonii}},
  publisher =	 {{Państwowy Instytut Wydawniczy}},
  address =	 "Warszawa",
  edition =	 {{I}},
  year =	 2010,
}





@Comment ###############################
BIOGRAFIE


@book{ GessenPutin12,
  author =	 "Masha Gessen",
  title =	 {{Putin. Człowiek bez twarzy}},
  publisher =	 {{Prószyński i~S\dywiz ka}},
  address =	 "Warszawa",
  edition =	 {{I}},
  year =	 2012,
}

@book{ Krysicki89,
  author =	 "Red. W. Krysicki",
  title =	 {{Poczet wielkich matematyków}},
  publisher =	 {{Nasza Księgarnia}},
  address =	 {{}},
  edition =	 {{}},
  year =	 1989,
}

@book{ Nowak15a,
  author =	 "Andrzej Nowak",
  title =	 {{Jan Paweł II. Kroniki życia i~pontyfikatu.}},
  publisher =	 {{Wydawnictwo Olesiejuk}},
  address =	 "Kraków",
  edition =	 {{I}},
  year =	 2015,
}

@book{ NowakHistoriaIPolityka16,
  author =	 "Andrzej Nowak",
  title =	 {{Historia i~polityka}},
  publisher =	 {{Biały Kruk}},
  address =	 "Kraków",
  edition =	 {{I}},
  year =	 2016,
}

@book{ HistoriaPolskiXIXv1,
  author =	 "Red. Andrzej Nowak",
  title =	 {{Historie Polskie w~XIX wieku. Tom I: Kominy, ludzie
                  i~obłoki: modernizacja i~kultura}},
  publisher =	 {{Wydawnictwo DiG}},
  address =	 "Warszawa",
  edition =	 {{I}},
  year =	 2013,
}

@book{ Roszkowski11a,
  author =	 "Wojciech Roszkowski",
  title =	 {{Najnowsza historia Polski: 1914--1939}},
  publisher =	 {{Świat Książki}},
  address =	 {{Warszawa}},
  series =	 {{Najnowsza histora Polski}},
  edition =	 {{I}},
  year =	 2011,
}

@book{ Roszkowski11b,
  author =	 "Wojciech Roszkowski",
  title =	 {{Najnowsza historia Polski: 1939--1945}},
  publisher =	 {{Świat Książki}},
  address =	 {{Warszawa}},
  series =	 {{Najnowsza historia Polski}},
  edition =	 {{I}},
  year =	 2011,
}

@book{ Roszkowski11f,
  author =	 "Wojciech Roszkowski",
  title =	 {{Najnowsza historia Polski: 1980--1989}},
  publisher =	 {{Świat Książki}},
  address =	 {{Warszawa}},
  series =	 {{Najnowsza historia Polski}},
  edition =	 {{I}},
  year =	 2011,
}

@book{ Roszkowski11g,
  author =	 "Wojciech Roszkowski",
  title =	 {{Najnowsza historia Polski: 1989--2011}},
  publisher =	 {{Świat Książki}},
  address =	 {{Warszawa}},
  series =	 {{Najnowsza historia Polski}},
  edition =	 {{I}},
  year =	 2011,
}

@book{ Suworow02,
  author =	 "W. Suworow",
  title =	 {{Żukow --~cień zwycięstwa}},
  publisher =	 {{Wydawnictwo Adamski i~Bieliński}},
  edition =	 {{I}},
  year =	 2002,
}

@book{ TazbirKulturaSzlacheckaWPolsce13,
  author =	 "Janusz Tazbir",
  title =	 {{Kultura szlachecka w~Polsce. Rozkwit -- upadek --
                  relikty.}},
  publisher =	 {{Wydawnictwo Nauka i~Innowacje}},
  address =	 {{Poznań}},
  edition =	 {{}},
  year =	 2013,
}





@Comment ###############################
HISTORIA NAUKI


@book{ BoyerHistoriaRachunkuRozniczkowegoICalkowego64,
  author =	 "C. B. Boyer",
  title =	 {{Historia rachunku różniczkowego i~całkowego
                  i~rozwój jego pojęć}},
  publisher =	 {{Państwowe Wydawnictwo Naukowe}},
  address =	 {{Warszawa}},
  edition =	 {{I}},
  year =	 1964,
}





@Comment ###############################
ESEJE I PUBLICYSTYKA


@book{ NowakOdPolstkiDoPostpolityki10,
  author =	 "Andrzej Nowak",
  title =	 {{Od Polski do post\dywiz polityki. Intelektualna
                  historia zapaści Rzeczpospolitej}},
  publisher =	 {{Wydawnictwo ARCANA}},
  series =	 {{ARCANA HISTORII}},
  address =	 "Kraków",
  edition =	 {{I}},
  year =	 2010,
}

@book{ NowakStrachyILachy12,
  author =	 "Andrzej Nowak",
  title =	 {{Strachy i~lachy. Przemiany polskiej pamięci
                  1982--2012}},
  publisher =	 {{Biały Kruk}},
  address =	 "Kraków",
  edition =	 {{I}},
  year =	 2012,
}

@book{ NowakUlegloscCzyNiepodleglosc14,
  author =	 "Andrzej Nowak",
  title =	 {{Uległość czy niepodległość}},
  publisher =	 {{Biały Kruk}},
  address =	 "Kraków",
  edition =	 {{I}},
  year =	 2014,
}

@book{ NowakIntelektualnaHistoriaIIIRP13,
  author =	 "Andrzej Nowak",
  title =	 {{Intelektualna historia III RP. Rozmowy z~lat
                  1990--2012}},
  publisher =	 {{Sic!}},
  address =	 "Warszawa",
  edition =	 {{I}},
  year =	 2013,
}





@Comment #############################################################
@Comment #############################################################
JĘZYKI
@Comment #############################################################
@Comment #############################################################


@Comment @book{ CzR04,
@Comment 	author	  = {{J. Czyżma, E. Roguszczak}},
@Comment 	title	  = {{Język łaciński}},
@Comment 	publisher = {{Wydawnictwo Uniwersytetu Gdańskiego}},
@Comment 	%volume   = "",
@Comment 	%number   = "",
@Comment 	%series   = "",
@Comment 	%address  = "",
@Comment 	edition   = "V",
@Comment         year      = "2004",
@Comment         %month    = "",
@Comment         %note     = ""
@Comment      }

@Comment @book{ Mur98,
@Comment 	author	  = {{R. Murphy}},
@Comment 	title	  = {{English Grammar in Use}},
@Comment 	publisher = {{Cambridge University Press}},
@Comment 	%volume   = "",
@Comment 	%number   = "",
@Comment 	%series   = "",
@Comment 	%address  = "",
@Comment 	edition   = "Second",
@Comment         year      = "1998",
@Comment         %month    = "",
@Comment         %note     = ""
@Comment      }

@Comment #############################################################
@Comment #############################################################
ARTYKULY
@Comment #############################################################
@Comment #############################################################



@Comment ###############################
MATEMATYKA


@article{ Harrsion93,
  author =	 {{Harrison, J.}},
  title =	 {{Stokes' theorem for nonsmoot chains}},
  year =	 {{1993}},
  journal =	 "Bull. Amer. Math. Soc. (N. S.)",
  volume =	 29,
  pages =	 "235-242",
  archivePrefix ="arXiv:math",
  eprint =	 "9310231v1",
  primaryClass = "math.DG"
}

@article{ MarquesNevesN12,
  author =	 "F. C. Marques, A. Neves",
  title =	 {{Min-Max theory and the Willmore conjecture}},
  year =	 {{2012}},
  journal =	 {{}},
  archivePrefix ="arXiv",
  eprint =	 "1202.6036v2",
  primaryClass = "math-DG",
}





@Comment ###############################
FIZYKA FAZY SKONDENSOWANEJ


@article{ QiWittenZhang12,
  author =	 "X.-L. Qi and E. Witten and S.-Ch. Zhang",
  title =	 {{Axion topological field theory of topological
                  superconductors}},
  year =	 {{2012}},
  archivePrefix ="arXiv",
  eprint =	 "1206.1407v2",
  primaryClass = "cond-mat.supr-con",
  journal =	 {{}},
}





@Comment ###############################
TEORIA STRUN


@article{ Schwarz00,
  author =	 "John H.~Schwarz",
  title =	 {{String Theory: The~Early Years}},
  year =	 {{2000}},
  archivePrefix ="arXiv",
  eprint =	 "0007.118.v3",
  primaryClass = "hep-th",
  journal =	 {{}},
}

@article{ Susskind70,
  author =	 "L. Susskind",
  title =	 {{Dual-Symmetric Theory~of Hadrons. --~I}},
  year =	 {{1970}},
  journal =	 {{Il Nuovo Cimento}},
  volume =	 "LXIX A",
  pages =	 457--496,
}





@Comment ###############################
GENERAL RELATIVITY


@article{ ElvangFigurasF07,
  author =	 "H. Elvang and P. Figuras",
  title =	 {{Black Saturn}},
  year =	 {{2007}},
  archivePrefix ="arXiv",
  eprint =	 "0701.035v2",
  primaryClass = "hep-th",
  journal =	 {{}},
}





@Comment ###############################
QFT ARTYKUŁY


@article{ BMM01,
  author =	 "M. Bordag, U. Mohideen, V. M. Mostepanenko",
  year =	 2001,
  title =	 {{New Developments in the Casimir Effect}},
  journal =	 "Phys.Rept.",
  volume =	 353,
  pages =	 "1-205",
  archivePrefix ="arXiv",
  eprint =	 0106045,
  primaryClass = "quant-ph",
}

@article{ Casimir48,
  author =	 "H. G. B. Casimir",
  title =	 "On the attraction between two perfectly conducting
                  plates",
  year =	 1948,
  journal =	 {{Proc. K. Ned. Akad. Wet.}},
  volume =	 "B51",
  pages =	 793
}





@Comment ###############################
FIZYKA MATEMATYCZNA


@article{ BardeenCarterHawkingCH73,
  author =	 "J. M. Bardeen, B. Carter, S. W. Hawking",
  title =	 {{The Four Law of Black Hole Mechanics}},
  journal =	 {{Commun. math. Phys.}},
  year =	 1973,
  volume =	 31,
  pages =	 "161--170"
}

@article{ Carter68,
  author =	 "B. Carter",
  title =	 {{Hamilton-Jacobi and Schrodinger Separable Solutions
                  of Einstein's Equation}},
  journal =	 "Commun. math. Phys.",
  year =	 1968,
  volume =	 10,
  pages =	 "280--310"
}

@article{ DBHPS08,
  author =	 {{G. H. E. Duchamp and P. Blasiak and A. Horzela and
                  K. A. Penson and A. I. Solomon}},
  title =	 {{Hopf Algebras in General and in Combinatorial
                  Physics: a practical introduction}},
  archivePrefix ="arXiv",
  eprint =	 "0802.0249v1",
  primaryClass = "quant-ph",
  year =	 2008,
  journal =	 {{}},
}

@article{ GraciaBondia03,
  author =	 "J. M. Gracia-Bondia",
  title =	 {{Improved Epstein-Glaser renormalization in
                  coordinate space I. Euclidean framework}},
  year =	 2003,
  journal =	 "Math. Phys. Anal. Geom",
  volume =	 6,
  pages =	 "59--88",
  archivePrefix ="arXiv",
  eprint =	 "0202.023v1",
  primaryClass = "hep-th",
}

@article{ Hawking75,
  author =	 "S. W. Hawking",
  title =	 {{Particle Creation by Black Holes}},
  journal =	 {{Commun. math. Phys.}},
  year =	 1975,
  volume =	 43,
  pages =	 "199--220"
}

@article{ Summers12,
  author =	 {{S. J. Summers}},
  year =	 2012,
  title =	 {{A Perspective on Constructive Quantum Field
                  Theory}},
  archivePrefix ="arXiv",
  eprint =	 "1203.3991v1",
  primaryClass = "math-ph",
  journal =	 {{}},
}

@article{ Witten89,
  author =	 "E. Witten",
  year =	 1989,
  title =	 {{Quantum Field Theory and the Jones Polynomial}},
  journal =	 "Commun. Math. Phys.",
  volume =	 121,
  pages =	 "351--399"
}





@Comment ###############################
AQFT


@article{ BrunettiDutchFredenhagenVerch09,
  author =	 {{R. Brunetti and M. D\"{u}tsch and K. Fredenhagen
                  and R. Verch}},
  title =	 {{Perturbative Algebraic Quantum Field Theory and the
                  Renormalization Groups}},
  archivePrefix ="arXiv",
  eprint =	 "0901.2038v2v1",
  primaryClass = "math-th",
  year =	 2009,
  journal =	 {{}},
}

@article{ BrunettiFredenhagen00,
  author =	 "R. Brunetti, K. Fredenhagen",
  title =	 {{Microlocal Analysis and Interacting Quantum Field
                  Theories: Renormalization on Physical Backgrounds}},
  year =	 2000,
  journal =	 "Commun. Math. Phys.",
  volume =	 208,
  pages =	 "623--661",
  archivePrefix ="arXiv",
  eprint =	 "9903.028v1",
  primaryClass = "math-ph",
}

@article{ BrunettiFredenhagen09,
  author =	 "R. Brunetti and K. Fredenhagen",
  title =	 {{Quantum Field Theory on Curved Backgrounds}},
  year =	 2009,
  archivePrefix ="arXiv",
  eprint =	 "0901.2063v1",
  primaryClass = "gr-qc",
  journal =	 {{}},
}

@article{ BrunettiFredenhagenVerch03,
  author =	 "R. Brunetti, K. Fredenhagen, R. Verch",
  title =	 {{The~Generally Covariant Locality Principle --~A~New
                  Paradigm for Local Quantum Field Theory}},
  year =	 2003,
  journal =	 "Commun. Math. Phys.",
  volume =	 237,
  pages =	 "31--68",
  archivePrefix ="arXiv",
  eprint =	 "0112.041v1",
  primaryClass = "math-th",
}

@article{ Buchholz82,
  author =	 "D. Buchholz",
  title =	 {{The Physical State Space of Quantum Electrodynamics}},
  year =	 1982,
  journal =	 "Commun. Math. Phys.",
  volume =	 85,
  pages =	 {{49--71}}
}

@article{ Dimock80,
  author =	 "J. Dimock",
  title =	 {{Algebras of Local Observables on a Manifold}},
  year =	 1980,
  journal =	 {{Commun. Math. Phys.}},
  volume =	 77,
  pages =	 "219--228"
}

@article{ FredenhagenRejznerR12,
  author =	 "K. Fredenhagen and K. Rejzner",
  title =	 {{Perturbative algebraic quantum field theory}},
  year =	 2012,
  archivePrefix ="arXiv",
  eprint =	 "1208.1428v2",
  primaryClass = "hep-th",
  journal =	 {{}},
}

@article{ Herdegen01,
  author =	 "Andrzej Herdegen",
  title =	 {{No-nonsens Casimir force}},
  year =	 2001,
  journal =	 {{Acta Phys.Polon.}},
  volume =	 "B32",
  pages =	 "55--65",
  archivePrefix ="arXiv",
  eprint =	 "0008.207v2",
  primaryClass = "hep-th",
}

@article{ Herdegen05,
  author =	 "Andrzej Herdegen",
  year =	 2005,
  title =	 {{Quantum backreaction (Casimir) effect~I. What are
                  admissible idealizations?}},
  journal =	 "Ann. H. Poincare",
  volume =	 6,
  pages =	 {{657--695}},
  archivePrefix ="arXiv",
  eprint =	 "0412.132v1",
  primaryClass = "hep-th",
}

@article{ Herdegen06,
  author =	 "Andrzej Herdegen",
  year =	 2006,
  title =	 {{Quantum backreaction (Casimir) effect II. Scalar
                  and electromagnetic fields}},
  journal =	 "Ann. H. Poincare",
  volume =	 7,
  pages =	 {{253--301}},
  archivePrefix ="arXiv",
  eprint =	 "0507.023v1",
  primaryClass = "hep-th",
}

@article{ HerdegenStopa10,
  author =	 "A. Herdegen and M. Stopa",
  title =	 {{Global vs local Casimir effect}},
  year =	 2010,
  journal =	 "Ann. H. Poincare",
  volume =	 11,
  pages =	 "1171-1200",
  archivePrefix ="arXiv",
  eprint =	 "1007.2139v1",
  primaryClass = "hep-th",
}

@article{ Keller10,
  author =	 "K. J. Keller",
  year =	 {{2010}},
  title =	 {{Dimensional Regularization in Position Space
                  and~a~Forest Formula for Regularized Epstein-Glaser
                  Renormalization}},
  note =	 {{PhD thesis}},
  archivePrefix ="arXiv",
  eprint =	 "1006.2148v1",
  primaryClass = "math-th",
  journal =	 {{}},
}

@article{ Rejzner11,
  author =	 "K. Rejzner",
  year =	 {{2011}},
  title =	 {{Batalin-Vilkovisky formalism in~locally covariant
                  field theory}},
  note =	 {{PhD thesis}},
  journal =	 {{}},
  archivePrefix ="arXiv",
  eprint =	 "1111.5130v2",
  primaryClass = "math-th",
}





@Comment ###############################
INNE. NIEUPORZĄDKOWANE.


@article{ Chan01,
  author =	 {{H. B. Chan and V. A. Aksyuk and R. N. Kleiman and
                  D. J. Bishop and Federico Capasso}},
  title =	 {{Quantum Mechanical Actuation of
                  Microelectromechanical Systems by the Casimir
                  Force}},
  year =	 2001,
  journal =	 "Science",
  volume =	 297,
  pages =	 1941
}

@article{ Kus12,
  author =	 "P. Kusek",
  year =	 2012,
  title =	 {{Transformacje Bogolubowa w układach kwantowych}},
  journal =	 {{}},
  volume =	 {{}},
  pages =	 {{}},
}

@article{ SWM98,
  author =	 {{F. Michael Serry and Dirk Walliser and G. Jordan
                  Maclay}},
  title =	 {{The role of the casimir effect in the static
                  deflection and stiction of membrane strips in
                  microelectromechanical systems (MEMS)}},
  year =	 1998,
  journal =	 "J. Appl. Phys.",
  volume =	 84,
  pages =	 2501
}

@article{ Sparnaay58,
  author =	 "M. J. Sparnaay",
  title =	 {{Measurements of attractive forces between flat
                  plates}},
  year =	 1958,
  journal =	 "Physica",
  volume =	 24,
  pages =	 {{751--764}}
}





@Comment ###############################
HISTORIA I FILOZOFIA NAUKI


@article{ Witten14,
  author =	 "E. Witten",
  title =	 {{A Note On Einsten, Bergmann, and the Fifth
                  Dimesion}},
  year =	 2014,
  archivePrefix ="arXiv",
  eprint =	 "1401.8048v1",
  primaryClass = "hist-ph",
  journal =	 {{}},
}





@Comment ###############################
ARTYKUŁY RÓŻNE


@article{ Madela122,
  author =	 "Andrzej Madela",
  title =	 {{W~cieniu Norymbergi. Niemcy Zachodnie lat
                  1945--1955 wobec denazyfikacji}},
  journal =	 "ARCANA",
  volume =	 122,
  pages =	 {{74--92}},
  year =	 2015,
}

@article{ Tisonczyk123,
  author =	 "Tomasz Tisończyk",
  title =	 {{\emph{Haiku} na~zaliczenie}},
  year =	 2015,
  journal =	 "ARCANA",
  volume =	 123,
  pages =	 {{180--186}},
}

@article{ Zachenter124,
  author =	 "Anna Zachenter",
  title =	 {{Wrzesień 1939 roku w~oczach współczesnych Niemców}},
  journal =	 "ARCANA",
  volume =	 124,
  pages =	 {{54--64}},
  year =	 2015,
}

@article{ AKarc124,
  author =	 "Agnieszka Kurnik",
  title =	 {{,,Gra resztkami'' jako substytut kultury}},
  journal =	 "ARCANA",
  volume =	 124,
  pages =	 {{102--112}},
  year =	 2015,
}

@article{ Gruchala125,
  author =	 "Wojciech Gruchała",
  title =	 {{Kiedy przestaliśmy czytać Żeromskiego?}},
  year =	 2015,
  journal =	 "ARCANA",
  volume =	 125,
  pages =	 {{18--30}},
}

@article{ Gabis125,
  author =	 "Tomasz Gabiś",
  title =	 {{Powitajmy uchodźców z~Europy Zachodniej!}},
  year =	 2015,
  journal =	 "ARCANA",
  volume =	 125,
  pages =	 {{52--63}},
}

@article{ Tolczyk125,
  author =	 "Dariusz Tołczyk",
  title =	 {{Dlaczego Sołżenicyn? Spóźnione odkrycie Gułagu
                  na~Zachodzie.}},
  journal =	 "ARCANA",
  volume =	 125,
  pages =	 {{111--136}},
  year =	 2015,
}





@Comment #############################################################
@Comment #############################################################
LITERATURA
@Comment #############################################################
@Comment #############################################################


@book{ Chesterton08,
  author =	 "G. K. Chesterton",
  title =	 {{Człowiek, który był czwartkiem}},
  publisher =	 {{FRONDA PL sp. z o. o.}},
  edition =	 {{I}},
  year =	 2008,
  address =	 {{Warszawa}}
}

@book{ Dukaj09,
  author =	 "Jacek Dukaj",
  title =	 {{Wroniec}},
  publisher =	 {{Wydawnictwo Literackie Sp. z~o.o.}},
  edition =	 {{I}},
  year =	 2009,
  address =	 {{Kraków}}
}

@book{ Eisne09a,
  author =	 "Will Eisner",
  title =	 {{Spirit. Najlepsze opowieści}},
  publisher =	 {{Egmont Polska}},
  edition =	 {{I}},
  year =	 2009,
  address =	 {{Warszawa}}
}

@book{ Eisner09b,
  author =	 "Will Eisner",
  title =	 {{Życie w~obrazkach. Opowieści autobiograficzne}},
  publisher =	 {{Egmont Polska}},
  edition =	 {{I}},
  year =	 2009,
  address =	 {{Warszawa}}
}

@book{ Endo86,
  author =	 "Shusaku Endo",
  title =	 {{Milczenie}},
  publisher =	 {{Instytut Wydawniczy PAX}},
  edition =	 {{II}},
  year =	 1986,
  address =	 {{Warszawa}}
}

@book{ Lechon73,
  author =	 "Jan Lechoń",
  title =	 {{Poezje}},
  publisher =	 {{Państwowy Instytut Wydawniczy}},
  edition =	 {{II}},
  year =	 1973,
  address =	 {{Warszawa}}
}

@book{ Lem82,
  author =	 "Stanisław Lem",
  title =	 {{Dzienniki gwiazdowe. Wydanie rozszerzone}},
  publisher =	 {{Wydawnictwo Literackie}},
  edition =	 {{I rozszerzone}},
  year =	 1982,
  address =	 {{Kraków}}
}

@book{ Mann02,
  author =	 "Tomasz Mann",
  title =	 {{Doktor Faustus. Żywot niemieckiego kompozytora
                  Adriana Leverk\"{u}hna opowiedziany przez jego
                  przyjaciela}},
  publisher =	 {{Porozumienie Wydawców}},
  edition =	 {{I}},
  year =	 2002,
  address =	 {{Kraków}}
}

@book{ Mickiewicz04,
  author =	 "Adam Mickiewicz",
  title =	 {{Księgi narodu polskiego i~pielgrzymstwa polskiego}},
  publisher =	 {{Zakład Narodowy im. Ossolińskich}},
  edition =	 {{}},
  year =	 2004,
  address =	 {{Wrocław}}
}

@book{ Rymkiewicz03,
  author =	 "Jarosław Marek Rymkiewicz",
  title =	 {{Cicho ciszej. Wybrane wiersze z~lat 1963--2002}},
  publisher =	 {{Sic!}},
  edition =	 {{I}},
  year =	 {{2003}},
  address =	 {{Warszawa}}
}





@Comment ###############################
SHAKESPEARE


@book{ WesoleKumoszkiZWindsoru98,
  author =	 "William Shakespeare",
  title =	 {{Wesołe kumoszki z~Windsoru}},
  publisher =	 {{Wydawnictwo ZNAK}},
  edition =	 {{I}},
  year =	 1998,
  address =	 {{Kraków}}
}

@book{ Burza99,
  author =	 "William Shakespeare",
  title =	 {{Burza}},
  publisher =	 {{Wydawnictwo ZNAK}},
  edition =	 {{I}},
  year =	 1999,
  address =	 {{Kraków}}
}
