@Comment @book{ Ska98,
@Comment 	author	  = "B. Skalmierski",
@Comment 	title	  = {{Mechanika. Tom 1: Podstawy mechaniki klasycznej.}},
@Comment 	publisher = {{Wydawnictwo Politechniki Częstochowskiej}},
@Comment 	%volume   = "",
@Comment 	%number   = "",
@Comment 	%series   = "",
@Comment 	%address  = "",
@Comment 	edition   = "I",
@Comment         year      = "1998",
@Comment         %month    = "",
@Comment         %note     = ""
@Comment      }


@Comment @book{ Kle06,
@Comment 	author	  = "Hagen Kleinert",
@Comment 	title	  = {{Path Integrals in Quantuma Mechanics, Statistics, Polymer Physics and Financial Markets}},
@Comment 	publisher = {{Word Scientific Publishing Co.}},
@Comment 	%volume   = "",
@Comment 	%number   = "",
@Comment 	%series   = "",
@Comment 	%address  = "",
@Comment 	edition   = "IV",
@Comment         year      = "2006",
@Comment         %month    = "",
@Comment         %note     = ""
@Comment      }

@Comment @book{ Tay72,
@Comment 	author	  = "J. R. Taylor",
@Comment 	title	  = "Scattering theory",
@Comment 	publisher = {{John Wiley and sons}},
@Comment 	%volume   = "",
@Comment 	%number   = "",
@Comment 	%series   = "",
@Comment 	%address  = "",
@Comment 	%edition   = "",
@Comment         year      = "1972",
@Comment         %month    = "",
@Comment         %note     = ""
@Comment      }

@Comment @book{ Sch64,
@Comment 	author	  = "J. R. Schrieffer",
@Comment 	title	  = {{Theory of Superconductivity}},
@Comment 	publisher = "W. A. Benjamin, INC.",
@Comment 	%volume   = "",
@Comment 	%number   = "",
@Comment 	%series   = "",
@Comment 	%address  = "",
@Comment 	edition   = "I",
@Comment         year      = "1964",
@Comment         %month    = "",
@Comment         %note     = ""
@Comment      }

@Comment @book{ Wim09,
@Comment 	author	   = "E. Wimmer",
@Comment 	title	   = {{Quantum Transport in Nanostructures: From Computional Concepts to Spintronics in Graphene and Magnetic
@Comment 	Tunnel Junctions}},
@Comment 	publisher = "Docupoint",
@Comment 	%volume   = "",
@Comment 	%number   = "",
@Comment 	%series   = "",
@Comment 	%address  = "",
@Comment 	edition   = "I",
@Comment         year      = "2009",
@Comment         %month    = "",
@Comment         %note     = ""
@Comment      }

@book{ Cvi,
  author =	 "P. Cvitanovi\'{c}",
  title =	 {{Group theory. Birdtracks, Lie's, and Exeptional
                  Groups}},
%publisher = "",
%volume   = "",
%number   = "",
%series   = "",
%address  = "",
edition   = "9.0.1",
       %year     = "",
       %month    = "",
       %note     = ""
}

@Comment @book{ Bog07,
@Comment 	author	  = "V. I. Bogachev",
@Comment 	title	  = "Measure Theory",
@Comment 	publisher = "Springer",
@Comment 	volume    = "I",
@Comment 	%number   = "",
@Comment 	%series   = "",
@Comment 	%address  = "",
@Comment 	edition   = "I",
@Comment         year      = "2007",
@Comment         %month    = "",
@Comment         %note     = ""
@Comment      }



@Comment @book{ JLJ98,
@Comment 	author	  = {{J. Jost, X. Li-Jost}},
@Comment 	title	  = "Calculus of Variations",
@Comment 	publisher = "Cambridge University Press",
@Comment 	%volume   = "",
@Comment 	%number   = "",
@Comment 	%series   = "",
@Comment 	%address  = "",
@Comment 	%edition   = "",
@Comment         year      = "1998",
@Comment         %month    = "",
@Comment         %note     = ""
@Comment       }

@Comment @book{ HNW87,
@Comment 	author	  = {{E. Hairer, S. P. N\{o}rsett, G. Wanner}},
@Comment 	title	  = {{Solving Ordinary Differential Equtions I: Nonstiff Problems}},
@Comment 	publisher = {{Springer}},
@Comment 	%volume   = "",
@Comment 	%number   = "",
@Comment 	series    = {{Springer Series in Computational Mathematics}},
@Comment 	%address  = "",
@Comment 	edition  = "I",
@Comment         year      = "1987",
@Comment         %month    = "",
@Comment         %note     = ""
@Comment      }

@Comment @book{ Tes12,
@Comment 	author	  = "G. Teschl",
@Comment 	title	  = {{Ordinary Differential Equations and Dynamical Systems}},
@Comment 	publisher = {{American Mathematical Society}},
@Comment 	volume    = "140",
@Comment 	%number   = "",
@Comment 	series    = {{Graduate Studies in Mathematics}},
@Comment 	%address  = "",
@Comment 	%edition  = "",
@Comment         year      = "2012",
@Comment         %month    = "",
@Comment         %note     = ""
@Comment      }

@Comment @book{ Tay96,
@Comment 	author	  = "M. E. Taylor",
@Comment 	title	  = "Partial differential equations. Basic theory",
@Comment 	publisher = "Springer",
@Comment 	volume    = "I",
@Comment 	%number   = "",
@Comment 	%series   = "",
@Comment 	%address  = "",
@Comment 	%edition  = "",
@Comment         year      = "1996",
@Comment      }

@Comment @book{ RS75,
@Comment 	author	  = {{M. Reed, B. Simon}},
@Comment 	title	  = {{Methods of Modern Mathematical Physics II: Fourier Analysis, Self-Adjointness}},
@Comment 	publisher = "Academic Press, Inc.",
@Comment 	%volume   = "",
@Comment 	%number   = "",
@Comment 	%series   = "",
@Comment 	%address  = "",
@Comment 	%edition  = "I",
@Comment         year      = "1975",
@Comment         %month    = "",
@Comment         %note     = ""
@Comment      }


@Comment @book{ CW74,
@Comment 	author	  = {{B. Chrząstowska, S. Wysołuch}},
@Comment 	title	  = "Wiadomości z teorii literatury w analizie literackiej",
@Comment 	publisher = "Wydawnictwo Szkolne i Pedagogiczne",
@Comment 	%volume   = "",
@Comment 	%number   = "",
@Comment 	%series   = "",
@Comment 	%address  = "",
@Comment 	edition  = "I",
@Comment         year      = "1974",
@Comment         %month    = "",
@Comment         %note     = ""
@Comment      }

@Comment @book{ GOSS91,
@Comment 	author	  = {{M. Głowiński, A. Okopień-Sławińska, J. Sławiński}},
@Comment 	title	  = "Zarys teorii literatury",
@Comment 	publisher = {{Wydawnictwa Szkolne i Pedagogiczne}},
@Comment 	%volume   = "",
@Comment 	%number   = "",
@Comment 	%series   = "",
@Comment 	%address  = "",
@Comment 	edition   = "VI -- poprawione",
@Comment         year      = "1991",
@Comment         %month    = "",
@Comment         %note     = ""
@Comment      }



@Comment @book{ Hof12,
@Comment 	author	  = {{M. Hoffman}},
@Comment 	title	  = "Judaizm zdemaskowany!",
@Comment 	publisher = {{ANTYK}},
@Comment 	volume   = "I",
@Comment 	%number   = "",
@comment 	%series   = "",
@Comment 	%address  = "",
@Comment 	%edition   = "",
@Comment         year      = "2012",
@Comment         %month    = "",
@Comment         %note     = ""
@Comment      }

@Comment @book{ Jon07,
@Comment 	author	  = "Michael Jones",
@Comment 	title	  = {{Gwiazda i Krzyż}},
@Comment 	publisher = {{Wektory}},
@Comment 	%volume   = "",
@Comment 	%number   = "",
@Comment 	%series   = "",
@Comment 	%address  = "",
@Comment 	edition   = "I",
@Comment         year      = "2007",
@Comment         %month    = "",
@Comment         %note     = ""
@Comment      }



@Comment @book{ CzR04,
@Comment 	author	  = {{J. Czyżma, E. Roguszczak}},
@Comment 	title	  = {{Język łaciński}},
@Comment 	publisher = {{Wydawnictwo Uniwersytetu Gdańskiego}},
@Comment 	%volume   = "",
@Comment 	%number   = "",
@Comment 	%series   = "",
@Comment 	%address  = "",
@Comment 	edition   = "V",
@Comment         year      = "2004",
@Comment         %month    = "",
@Comment         %note     = ""
@Comment      }

@Comment @book{ Mur98,
@Comment 	author	  = {{R. Murphy}},
@Comment 	title	  = {{English Grammar in Use}},
@Comment 	publisher = {{Cambridge University Press}},
@Comment 	%volume   = "",
@Comment 	%number   = "",
@Comment 	%series   = "",
@Comment 	%address  = "",
@Comment 	edition   = "Second",
@Comment         year      = "1998",
@Comment         %month    = "",
@Comment         %note     = ""
@Comment      }
