@book{ Vil13,
	author	  = {{Ks. dr L. Villa}},
	title	  = {{Karl Rahner}},
	publisher = "Wydawnictwo ANTYK Marcin Dybowski",
	%volume   = "",
	%number   = "",
	%series   = "",
	%address  = "",
	%edition  = "",
        year      = "2013",
        %month    = "",
        %note     = ""
     }



FILOZOFIA


FIZYKA


Fizyka elementarna


@book{ Siu,
	author	  = "W. Siuta",
	title	  = "Mechanika techniczna",
	publisher = "Wydawnictwo Szkolne i Pedagogiczne",
	%volume   = "",
	%number   = "",
	%series   = "",
	%address  = "",
	edition   = "XXVII",
        %year     = "",
        %month    = "",
        %note     = ""
     }

@book{ Ska77,
	author	  = "B. Skalmierski",
	title	  = "Mechanika",
	publisher = "Państwowe Wydawnictwo Naukowe",
	%volume   = "",
	%number   = "",
	%series   = "",
	%address  = "",
	edition   = "I",
        year      = "1977",
        %month    = "",
        %note     = ""
     }

@book{ Ska98,
	author	  = "B. Skalmierski",
	title	  = {{Mechanika. Tom 1: Podstawy mechaniki klasycznej.}},
	publisher = {{Wydawnictwo Politechniki Częstochowskiej}},
	%volume   = "",
	%number   = "",
	%series   = "",
	%address  = "",
	edition   = "I",
        year      = "1998",
        %month    = "",
        %note     = ""
     }


Termodynamika



Optyka




@book{ Kle06,
	author	  = "H. Kleinert",
	title	  = {{Path Integrals in Quantuma Mechanics, Statistics, Polymer Physics and Financial Markets}},
	publisher = {{Word Scientific Publishing Co.}},
	%volume   = "",
	%number   = "",
	%series   = "",
	%address  = "",
	edition   = "IV",
        year      = "2006",
        %month    = "",
        %note     = ""
     }




Elektrodynamika klasyczna


@book{ Gri01,
	author	  = "D. J. Griffits",
	title	  = "Podstawy elektrodynamiki",
	publisher = "Wydawnictwo Naukowe PWN",
	%volume   = "",
	%number   = "",
	%series   = "",
	%address  = "",
	edition   = "I",
        year      = "2001",
        %month    = "",
        %note     = ""
     }




Fizyka fazy skondensowanej


@book{ Kit76,
	author	  = "C. Kittel",
	title	  = "Wstęp do fizyki ciała stałego",
	publisher = "Państwowe Wydawnictwo Naukowe",
	%volume   = "",
	%number   = "",
	%series   = "",
	%address  = "",
	edition   = "IV",
        year      = "1976",
        %month    = "",
        %note     = ""
     }

@book{ Sch64,
  author =	 "J. R. Schrieffer",
  title =	 {{Theory of Superconductivity}},
  publisher =	 "W. A. Benjamin, INC.",
%volume   = "",
	%number   = "",
	%series   = "",
	%address  = "",
	edition   = "I",
        year      = "1964",
        %month    = "",
        %note     = ""
     }

@book{ Wim09,
	author	   = "E. Wimmer",
	title	   = {{Quantum Transport in Nanostructures: From Computional Concepts to Spintronics in Graphene and Magnetic
	Tunnel Junctions}},
	publisher = "Docupoint",
	%volume   = "",
	%number   = "",
	%series   = "",
	%address  = "",
	edition   = "I",
        year      = "2009",
        %month    = "",
        %note     = ""
     }


Hydrodynamika


@booklet{ Car97,
          author    = "S. M. Carroll",
          title     = {{Lecture Notes on General Relativity}},
          howpublished  = "arXiv:gr-qc/9712019",
          %address  = "",
          year      = "1997",
          %month    = "December",
          %note     = "",
        }

@book{ HE73,
	author    = {{S. W. Hawking, G. F. R. Ellis}},
        title     = {{The Large Scale Structure of Space-Time}},
        publisher = "Cambridge University Press",
	%volume   = "",
	%number   = "",
	%series   = "",
	%address  = "",
	%edition  = "",
        year      = "1973",
        %month    = "",
        %note     = ""
        }




Kwantowa teoria pola


@book{ BLP11,
	author	  = {{W. B. Bierestecki, J . M. Lifszyc, L. P. Pitajewski}},
	title	  = {{Elektrodynamika kwantowa}},
	publisher = "Wydawnictwo Naukowe PWN",
	%volume   = "",
	%number   = "",
	%series   = "",
	%address  = "",
	edition   = "II -- zmienione",
        year      = "2011",
        %month    = "",
        %note     = ""
     }


BIOLOGIA



@book{ KŁRSzSz02,
	author	  = "H. Krzanowska, A. Łomnicki, J. Rafiński, H. Szarski, J. M. Szymura",
	title	  = {{Zarys mechanizmów ewolucji}},
	publisher = "Wydawnictwo Naukowe PWN",
	%volume   = "",
	%number   = "",
	%series   = "",
	%address  = "",
	edition   = "III -- zmienione",
        year      = "2002",
        %month    = "",
        %note     = ""
     }



CHEMIA



MATEMATYKA



Analiza matematyczna


@book{ Bog07,
	author	  = "V. I. Bogachev",
	title	  = "Measure Theory",
	publisher = "Springer",
	volume    = "I",
	%number   = "",
	%series   = "",
	%address  = "",
	edition   = "I",
        year      = "2007",
        %month    = "",
        %note     = ""
     }

@book{ Koł78,
	author	  = "W. Kołodziej",
	title	  = "Analiza matematyczna",
	publisher = "Państwowe Wydawnictwo Naukowe",
	%volume   = "",
	%number   = "",
	%series   = "",
	%address  = "",
	edition   = "II",
        year      = "1978",
        %month    = "",
        %note     = ""
     }

@book{ WW67,
	author	  = {{E. T. Whittaker, G. N. Watson}},
	title	  = "Kurs analizy współczesnej",
	publisher = "Państwowe Wydawnictwo Naukowe",
	volume    = "I",
	%number   = "",
	%series   = "",
	%address  = "",
	%edition  = "",
        year      = "1967",
        %month    = "",
        %note     = ""
      }

@book{ WW68,
	author	  = {{E. T. Whittaker, G. N. Watson}},
	title	  = "Kurs analizy współczesnej",
	publisher = "Państwowe Wydawnictwo Naukowe",
	volume    = "II",
	%number   = "",
	%series   = "",
	%address  = "",
	%edition  = "",
        year      = "1968",
        %month    = "",
        %note     = ""
      }


Rachunek wariacyjny


@book{ GF79,
	author	  = {{I. M. Gelfand, S. W. Fomin}},
	title	  = "Rachunek wariacyjny",
	publisher = "Państwowe Wydawnictwo Naukowe",
	%volume   = "",
	%number   = "",
	%series   = "",
	%address  = "",
	edition   = "IV",
        year      = "1979",
        %month    = "",
        %note     = ""
      }

@book{ JLJ98,
	author	  = {{J. Jost, X. Li-Jost}},
	title	  = "Calculus of Variations",
	publisher = "Cambridge University Press",
	%volume   = "",
	%number   = "",
	%series   = "",
	%address  = "",
	%edition   = "",
        year      = "1998",
        %month    = "",
        %note     = ""
      }

Analiza zespolona




Równania różniczkowe zwyczajne


@book{ HNW87,
	author	  = {{E. Hairer, S. P. N\{o}rsett, G. Wanner}},
	title	  = {{Solving Ordinary Differential Equtions I: Nonstiff Problems}},
	publisher = {{Springer}},
	%volume   = "",
	%number   = "",
	series    = {{Springer Series in Computational Mathematics}},
	%address  = "",
	edition  = "I",
        year      = "1987",
        %month    = "",
        %note     = ""
     }

@book{ Tes12,
	author	  = "G. Teschl",
	title	  = {{Ordinary Differential Equations and Dynamical Systems}},
	publisher = {{American Mathematical Society}},
	volume    = "140",
	%number   = "",
	series    = {{Graduate Studies in Mathematics}},
	%address  = "",
	%edition  = "",
        year      = "2012",
        %month    = "",
        %note     = ""
     }


Równania różniczkowe cząstkowe


@book{ Tay96,
	author	  = "M. E. Taylor",
	title	  = "Partial differential equations. Basic theory",
	publisher = "Springer",
	volume    = "I",
	%number   = "",
	%series   = "",
	%address  = "",
	%edition  = "",
        year      = "1996",
        %month    = "",
        %note     = ""
     }

Analiza funkcjonalna

@book{ Chm04,
	author	  = "J. Chmieliński",
	title	  = "Analiza funkcjonalna. Notatki do wykładu.",
	publisher = "Wydawnictwo Naukowe Akademii Pedagogicznej",
	%volume   = "",
	%number   = "",
	%series   = "",
	%address  = "",
	edition   = "II -- uzupełnione",
        year      = "2004",
        %month    = "",
        %note     = ""
     }

Geometria różniczkowa




@book{ Fla69,
	author	  = "H. Flanders",
	title	  = "Teoria form różniczowych",
	publisher = "Państwowe Wydawnictwo Naukowe",
	%volume   = "",
	%number   = "",
	%series   = "",
	%address  = "",
	edition   = "I",
        year      = "1969",
        %month    = "",
        %note     = ""
     }


@book{ "DSz93",
	author	  = {{N. Dróbka, K. Szymański}},
	title	  = "Zbiór zadań z~matematyki",
	publisher = "Wydawnictwo Szkolne i Pedagogiczne",
	%volume   = "",
	%number   = "",
	%series   = "",
	%address  = "",
	edition  = "III",
        year      = "1993",
        %month    = "",
        %note     = ""
     }


Dzieła zbiorcze


@book{ ZL78,
	author	  = {{W. Żakowski, W. Leksiński}},
	title	  = {{Matematyka. Część IV}},
	publisher = "Wydawnictwo Naukowo-Techniczne",
	%volume   = "",
	%number   = "",
	%series   = "",
	%address  = "",
	edition   = "V -- poprawione",
        year      = "1978",
        %month    = "",
        %note     = ""
     }



POPULARNONAUKOWE







INFORMATYKA



@book{ HMU05,
	author	  = {{J. E. Hopcroft, R. Motwani, J. D. Ullman}},
	title	  = "Wprowadzenie do teorii automatów, języków i obliczeń",
	publisher = "Wydawnictwo Naukowe PWN",
	%volume   = "",
	%number   = "",
	%series   = "",
	%address  = "",
	edition   = "II",
        year      = "2005",
        %month    = "",
        %note     = ""
     }


KULTURA



@book{ Che74,
	author	  = {{G. K. Chesterton}},
	title	  = "Pisma wybrane",
	publisher = "Znak",
	%volume   = "",
	%number   = "",
	%series   = "",
	%address  = "",
	%edition  = "",
        year      = "1974",
        %month    = "",
        %note     = ""
     }

@book{ CW74,
	author	  = {{B. Chrz\k{a}stowska, S. Wyso\l{}uch}},
	title	  = "Wiadomo\'{s}ci z teorii literatury w analizie literackiej",
	publisher = "Wydawnictwo Szkolne i Pedagogiczne",
	%volume   = "",
	%number   = "",
	%series   = "",
	%address  = "",
	edition  = "I",
        year      = "1974",
        %month    = "",
        %note     = ""
     }

@book{ Glo77,
	author	  = {{M. G\l{}owi\'{n}ski}},
	title	  = "Style odbioru",
	publisher = {{Wydawnictwa Literackie}},
	%volume   = "",
	%number   = "",
	%series   = "",
	%address  = "",
	edition   = "I",
        year      = "1977",
        %month    = "",
        %note     = ""
     }

@book{ GOSS91,
	author	  = {{M. G\l{}owi\'{n}ski, A. Okopie\'{n}-S\l{}awi\'{n}ska, J. S\l{}awi\'{n}ski}},
	title	  = "Zarys teorii literatury",
	publisher = {{Wydawnictwa Szkolne i Pedagogiczne}},
	%volume   = "",
	%number   = "",
	%series   = "",
	%address  = "",
	edition   = "VI -- poprawione",
        year      = "1991",
        %month    = "",
        %note     = ""
     }

@book{ Jon07,
	author	  = "Michael Jones",
	title	  = {{Gwiazda i Krzyż}},
	publisher = {{Wektory}},
	%volume   = "",
	%number   = "",
	%series   = "",
	%address  = "",
	edition   = "I",
        year      = "2007",
        %month    = "",
        %note     = ""
     }

@book{ Kow99,
	author	  = "A. Kowalczykowa",
	title	  = {{Słowacki}},
	publisher = {{Wydawnictwo Naukowe PWN}},
	%volume   = "",
	%number   = "",
	%series   = "",
	%address  = "",
	edition   = "II -- uzupełnione",
        year      = "1999",
        %month    = "",
        %note     = ""
     }

@book{ Kry89,
	author	  = "Red. W. Krysicki",
	title	  = {{Poczet wielkich matematyków}},
	publisher = {{Nasza Księgarnia}},
	%volume   = "",
	%number   = "",
	%series   = "",
	%address  = "",
	%edition   = "",
        year      = "1989",
        %month    = "",
        %note     = ""
     }

@book{ Krz02,
	author	  = "A. Krzyżanowski",
	title	  = {{Chrześcijańska moralność polityczna. Wybór pism.}},
	publisher = {{Kraków}},
	%volume   = "",
	%number   = "",
	%series   = "",
	%address  = "",
	%edition   = "",
        year      = "2002",
        %month    = "",
        %note     = ""
     }


@book{ LS10,
	author	  = "C. Levi-Strauss",
	title	  = {{Surowe i gotowane}},
	publisher = {{Aletheia}},
	%volume   = "",
	%number   = "",
	%series   = "",
	%address  = "",
	%edition   = "",
        year      = "2010",
        %month    = "",
        %note     = ""
     }

@book{ Lyo76,
	author	  = "John Lyons",
	title	  = {{Wst\k{e}p do j\k{e}zykonawstwa}},
	publisher = {{Pa\'{n}stwowe Wydawnictwo Naukowe}},
	%volume   = "",
	%number   = "",
	%series   = "",
	address   = "Warszawa",
	%edition   = "",
        year      = "1976",
        %month    = "",
        %note     = ""
     }

@book{ Mal84,
	author	  = "B. Malinowski",
	title	  = {{Dzie\l{}a. Tom I: Wierzenia pierwotne i formy ustroju spo\l{}ecznego, O zasadzie ekonomi myślenia}},
	publisher = {{Pa\'{n}stwowe Wydawnictwo Naukowe}},
	%volume   = "",
	%number   = "",
	%series   = "",
	%address  = "",
	edition   = "II",
        year      = "1984",
        %month    = "",
        %note     = ""
     }

@book{ MG08,
	author	  = "A. McGrath",
	title	  = {{B\'{o}g Dawkinsa. Geny, memy i sens życia.}},
	publisher = {{Wydawnictwo Uniwersytetu Jagiello\'{n}skiego}},
	%volume   = "",
	%number   = "",
	%series   = "",
	%address  = "",
	edition   = "I",
        year      = "2008",
        %month    = "",
        %note     = ""
     }


@book{ MGMG12,
	author	  = {{A. McGrath, J. C. McGrath}},
	title	  = {{B\'{o}g nie jest urojeniem. Z\l{}udzenie Dawkinsa.}},
	publisher = {{WAM}},
	%volume   = "",
	%number   = "",
	%series   = "",
	%address  = "",
	edition   = "II",
        year      = "2012",
        %month    = "",
        %note     = ""
     }

@book{ Mel09,
	author	  = "M. Melanowicz",
	title	  = {{Japo\'{n}ski dramat telewizyjny}},
	publisher = {{Wydawnictwo Akademickie DIALOG}},
	%volume   = "",
	%number   = "",
	%series   = "",
	%address  = "",
	edition   = "I",
        year      = "2009",
        %month    = "",
        %note     = ""
     }

@book{ PS09,
	author	  = {{M-A. Paveau, G-\'{E}. Sarfati}},
	title	  = {{Wielkie teorie j\k{e}zykoznawcze. Od j\k{e}zykoznawstwa historyczno-por\'{o}wnawczego do pragmatyki.}},
	publisher = {{Wydawnictwo FLAIR}},
	%volume   = "",
	%number   = "",
	%series   = "",
	address  = "Krak\'{o}w",
	%edition   = "",
        year      = "2009",
        %month    = "",
        %note     = ""
     }

@book{ Sok04,
	author	  = "M. Soko\l{}owski",
	title	  = {{Kr\'{o}l Duch Juliusza Słowackiego a epopeja s\l{}owiańska}},
	publisher = "Wydawnictwo IBL PAN",
	%volume   = "",
	%number   = "",
	%series   = "",
	%address  = "",
	%edition   = "",
        year      = "2004",
        %month    = "",
        %note     = ""
     }

@book{ Szt95,
	author	  = "W. Sztruc",
	title	  = {{Faust Goethego. Ku antropologii romantycznej.}},
	publisher = "Krak\'{o}w",
	%volume   = "",
	%number   = "",
	%series   = "",
	%address  = "",
	edition   = "I",
        year      = "1995",
        %month    = "",
        %note     = ""
     }

@book{ Win59,
	author	  = {{A. H. Winsnes}},
	title	  = {{Sigrid Undset}},
	publisher = {{Instytut Wydawniczy PAX}},
	%volume   = "",
	%number   = "",
	%series   = "",
	%address  = "",
	edition   = "I",
        year      = "1959",
        %month    = "",
        %note     = ""
     }

@book{ Zmi74,
	author	  = {{Red. M. \.{Z}migrodzka}},
	title	  = {{Problemy polskiego romantyzmu. Seria druga.}},
	publisher = {{Wydawnictwo Polskiej Akademii Nauk}},
	%volume   = "",
	%number   = "",
	%series   = "",
	%address  = "",
	%edition   = "",
        year      = "1974",
        %month    = "",
        %note     = ""
     }

@book{ Zmi81,
	author	  = {{Red. M. \.{Z}migrodzka}},
	title	  = {{Problemy polskiego romantyzmu. Seria trzecia.}},
	publisher = {{Wydawnictwo Polskiej Akademii Nauk}},
	%volume   = "",
	%number   = "",
	%series   = "",
	%address  = "",
	edition   = "I",
        year      = "1981",
        %month    = "",
        %note     = ""
     }



HISTORIA



@book{ O'Mal11,
  author =	 "J. W. O'Malley SJ",
  title =	 "Co się wydarzy\l{}o podczas Soboru Watyka\'{n}skiego
                  Drugiego",
  publisher =	 "WAM",
%volume   = "",
	%number   = "",
	%series   = "",
	%address  = "",
	edition   = "I",
        year      = "2011",
        %month    = "",
        %note     = ""
     }





JĘZYKI



@book{ CzR04,
	author	  = {{J. Czyżma, E. Roguszczak}},
	title	  = {{J\k{e}zyk \k{l}aci\k{n}ski}},
	publisher = {{Wydawnictwo Uniwersytetu Gda\k{n}skiego}},
	%volume   = "",
	%number   = "",
	%series   = "",
	%address  = "",
	edition   = "V",
        year      = "2004",
        %month    = "",
        %note     = ""
     }

@book{ Mur98,
	author	  = {{R. Murphy}},
	title	  = {{English Grammar in Use}},
	publisher = {{Cambridge University Press}},
	%volume   = "",
	%number   = "",
	%series   = "",
	%address  = "",
	edition   = "Second",
        year      = "1998",
        %month    = "",
        %note     = ""
     }



ARTYKULY





MATEMATYKA


@article{ Har93,
	author  = {{J. Harrison}},
	year    = {{1993}},
	title   = {{Stokes' theorem for nonsmoot chains}},
	journal = "Bull. Amer. Math. Soc. (N. S.)",
	volume  = "29",
	pages   = "235-242",
	archivePrefix = "arXiv:math",
     	eprint        = "9310231v1",
     	primaryClass  = "math.DG"
    }

FIZYKA FAZY SKONDENSOWANEJ






GENERAL RELATIVITY



@article{ EF07,
	author  = {{H. Elvang, P. Figuras}},
	year    = {{2007}},
	title   = {{Black Saturn}},
	archivePrefix = "arXiv",
     	eprint        = "0701.035v2",
     	primaryClass  = "hep-th",
    }

QFT


@article{ DBHPS08,
	author  = {{G. H. E. Duchamp, P. Blasiak, A. Horzela, K. A. Penson, A. I. Solomon}},
	year    = "2008",
	title   = {{Hopf Algebras in General and in Combinatorial Physics: a practical introduction}},
	archivePrefix = "arXiv",
    	eprint        = "0802.0249v1",
     	primaryClass  = "quant-ph",
     }

@article{ GB03,
	author  = {{J. M. Gracia-Bondia}},
	year    = "2003",
	title   = {{Improved Epstein-Glaser renormalization in coordinate space I. Euclidean framework}},
	journal = "Math. Phys. Anal. Geom",
	volume  = "6",
	pages   = "59--88",
	archivePrefix = "arXiv",
    	eprint        = "0202.023v1",
     	primaryClass  = "hep-th",
     }



@article{ Sum12,
	author  = {{S. J. Summers}},
	year    = "2012",
	title   = {{A Perspective on Constructive Quantym Field Theory}},
	archivePrefix = "arXiv",
    	eprint        = "1203.3991v1",
     	primaryClass  = "math-ph"
    }


AQFT


@article{ BDFV09,
	author  = {{R. Brunetti, M. D\"{u}tsch, K. Fredenhagen, R. Verch}},
	year    = "2009",
	title   = {{Perturbative Algebraic Quantum Field Theory and the Renormalization Groups}},
	archivePrefix = "arXiv",
     	eprint        = "0901.2038v2v1",
     	primaryClass  = "math-th",
     }

@article{ BF00,
	author  = {{R. Brunetti, K. Fredenhagen}},
	year    = "2000",
	title   = {{Microlocal Analysis and Interacting Quantum Field Theories: Renormalization on Physical Backgrounds}},
	journal = "Commun. Math. Phys.",
	volume  = "208",
	pages   = "623--661",
	archivePrefix = "arXiv",
     	eprint        = "9903.028v1",
     	primaryClass  = "math-ph",
     }

@article{ BF09,
	author  = {{R. Brunetti, K. Fredenhagen}},
	year    = "2009",
	title   = {{Quantum Field Theory on Curved Backgrounds}},
	archivePrefix = "arXiv",
     	eprint        = "0901.2063v1",
     	primaryClass  = "gr-qc",
     }

@article{ BFV03,
	author  = {{R. Brunetti, K. Fredenhagen, R. Verch}},
	year    = "2003",
	title   = {{The Generally Covariant Locality Principle -- A New Paradigm for Local Quantum Field Theory}},
	journal = "Commun. Math. Phys.",
	volume  = "237",
	pages   = "31--68",
	archivePrefix = "arXiv",
     	eprint        = "0112.041v1",
     	primaryClass  = "math-th",
     }

Inne. Nieuporządkowane.


@article{ Chan.et.al01,
	author = {{H. B. Chan, V. A. Aksyuk, R. N. Kleiman, D. J. Bishop, Federico Capasso}},
	year = "2001",
	title = {{Quantum Mechanical Actuation of Microelectromechanical Systems by the Casimir Force}},
	journal = "Science",
	volume = "297",
	pages = "1941"
      }

@article{ Kus12,
	author = {{P. Kusek}},
	year = "2012",
	title = {{Transformacje Bogolubowa w układach kwantowych}},
	%journal = "",
	%volume = "",
	%pages = ""
      }

@article{ ,
	author = {{F. Michael Serry, Dirk Walliser, G. Jordan Maclay}},
	year = "1998",
	title = {{The role of the casimir effect in the static deflection and stiction of
	membrane strips in microelectromechanical systems (MEMS)}},
	journal = "J. Appl. Phys.",
	volume = "84",
	pages = "2501"
      }

@article{ Spa58,
	author = {{M. J. Sparnaay}},
	year = "1958",
	title = "Measurements of attractive forces between flat plates",
	journal = "Physica",
	volume = "24",
	pages = "751--764"
      }


HISTORIA I FILOZOFIA NAUKI


@article{ Wit14,
	author = "E. Witten",
	year = "2014",
	title = {{A Note On Einsten, Bergmann, and the Fifth Dimesion}},
	archivePrefix = "arXiv",
     	eprint        = "1401.8048v1",
     	primaryClass  = "hist-ph",
      }
