@book{ Bok96,
	author	  = "I. Bokwa",
	title	  = "Wprowadzenie do teologii Karla Rahnera",
	publisher = {{BIBLOS}},
	%volume    = "",
	%number   = "",
	%series   = "",
	%address  = "",
	%edition   = "",
        year      = "1996",
        %month    = "",
        %note     = ""
     }

@book{ Vil13,
	author	  = {{Ks. dr L. Villa}},
	title	  = {{Karl Rahner}},
	publisher = "Wydawnictwo ANTYK Marcin Dybowski",
	%volume   = "",
	%number   = "",
	%series   = "",
	%address  = "",
	%edition  = "",
        year      = "2013",
        %month    = "",
        %note     = ""
     }



FILOZOFIA





@book{ Tat05,
	author	  = "W. Tatarkiewicz",
	title	  = "Historia filozofii. Tom III: filozofia XIX wieku i współczesna.",
	publisher = "Wydawnictwo Naukowe PWN",
	volume    = "III",
	%number   = "",
	%series   = "",
	%address  = "",
	edition   = "XIX",
        year      = "2005",
        %month    = "",
        %note     = ""
     }


@book{ Tis96,
	author	  = "J. Tischner",
	title	  = "Nieszczęsny dar wolności",
	publisher = "ZNAK",
	%volume    = "",
	%number   = "",
	%series   = "",
	%address  = "",
	edition   = "II",
        year      = "1996",
        %month    = "",
        %note     = ""
     }



FIZYKA


Fizyka elementarna


@book{ JKK73,
	author	  = {{J. Jędrzejewski, W. Kruczek, A. Kujawski}},
	title	  = {{Zbiór zadań z fizyki dla kandydatów na wyższe uczelnie techniczne}},
	publisher = "Wydawnictwo Naukowo-Techniczne",
	%volume   = "",
	%number   = "",
	%series   = "",
	address   = "Warszawa",
	edition   = "I",
	year      = "1973",
	%month    = "",
	%note     = ""
     }


Mechanika


@book{ KKR75,
	author	  = {{C. Kittel, W. D. Knight, M. A. Ruderman}},
	title	  = "Mechanika",
	publisher = {{Państwowe Wydawnictwo Naukowe}},
	%volume   = "",
	%number   = "",
	%series   = "",
	%address  = "",
	edition   = "III",
        year      = "1975",
        %month    = "",
        %note     = ""
     }

@book{ Siu,
	author	  = "W. Siuta",
	title	  = "Mechanika techniczna",
	publisher = "Wydawnictwo Szkolne i Pedagogiczne",
	%volume   = "",
	%number   = "",
	%series   = "",
	%address  = "",
	edition   = "XXVII",
        %year     = "",
        %month    = "",
        %note     = ""
     }

@book{ Ska77,
	author	  = "B. Skalmierski",
	title	  = "Mechanika",
	publisher = "Państwowe Wydawnictwo Naukowe",
	%volume   = "",
	%number   = "",
	%series   = "",
	%address  = "",
	edition   = "I",
        year      = "1977",
        %month    = "",
        %note     = ""
     }

@book{ Ska83,
	author	  = "B. Skalmierski",
	title	  = {{Mechanika z wytrzymałością materiałów}},
	publisher = "Państwowe Wydawnictwo Naukowe",
	%volume   = "",
	%number   = "",
	%series   = "",
	address  = "Warszawa",
	edition   = "II, zmienione",
        year      = "1983",
        %month    = "",
        %note     = ""
     }

@book{ Ska98,
	author	  = "B. Skalmierski",
	title	  = {{Mechanika. Tom 1: Podstawy mechaniki klasycznej.}},
	publisher = {{Wydawnictwo Politechniki Częstochowskiej}},
	%volume   = "",
	%number   = "",
	%series   = "",
	%address  = "",
	edition   = "I",
        year      = "1998",
        %month    = "",
        %note     = ""
     }


Termodynamika



Optyka




@book{ Kit76,
	author	  = "C. Kittel",
	title	  = "Wstęp do fizyki ciała stałego",
	publisher = "Państwowe Wydawnictwo Naukowe",
	%volume   = "",
	%number   = "",
	%series   = "",
	%address  = "",
	edition   = "IV",
        year      = "1976",
        %month    = "",
        %note     = ""
     }

@book{ Sch64,
	author	  = "J. R. Schrieffer",
	title	  = {{Theory of Superconductivity}},
	publisher = "W. A. Benjamin, INC.",
	%volume   = "",
	%number   = "",
	%series   = "",
	%address  = "",
	edition   = "I",
        year      = "1964",
        %month    = "",
        %note     = ""
     }

@book{ Wim09,
	author	   = "E. Wimmer",
	title	   = {{Quantum Transport in Nanostructures: From Computional Concepts to Spintronics in Graphene and Magnetic
	Tunnel Junctions}},
	publisher = "Docupoint",
	%volume   = "",
	%number   = "",
	%series   = "",
	%address  = "",
	edition   = "I",
        year      = "2009",
        %month    = "",
        %note     = ""
     }


Hydrodynamika





Fizyka jądrowa


@book{ Str97,
	author	  = {{A. Strzałkowski}},
	title	  = "Wstęp do fizyki jądra atomowego",
	publisher = "Państwowe Wydawnictwo Naukowe",
	volume    = "V",
	%number   = "",
	series    = "Biblioteka Fizyki",
	%address  = "",
	edition   = "III",
        year      = "1979",
        %month    = "",
        %note     = ""
     }


Fizyka statystyczna


Ogólna teoria względności


@booklet{ Car97,
          author    = "S. M. Carroll",
          title     = {{Lecture Notes on General Relativity}},
          howpublished  = "arXiv:gr-qc/9712019",
          %address  = "",
          year      = "1997",
          %month    = "December",
          %note     = "",
        }

@book{ HE73,
	author    = {{S. W. Hawking, G. F. R. Ellis}},
        title     = {{The Large Scale Structure of Space-Time}},
        publisher = "Cambridge University Press",
	%volume   = "",
	%number   = "",
	%series   = "",
	%address  = "",
	%edition  = "",
        year      = "1973",
        %month    = "",
        %note     = ""
        }

Kwantowa teoria pola


@book{ BLP11,
	author	  = {{W. B. Bierestecki, J . M. Lifszyc, L. P. Pitajewski}},
	title	  = {{Elektrodynamika kwantowa}},
	publisher = "Wydawnictwo Naukowe PWN",
	%volume   = "",
	%number   = "",
	%series   = "",
	%address  = "",
	edition   = "II -- zmienione",
        year      = "2011",
        %month    = "",
        %note     = ""
     }

@book{ BS59,
	author	  = {{N. N. Bogoliubov, D. V. Shirkov}},
	title	  = {{Introduction to the theory of quantized fields}},
	publisher = "New York : Interscience Publishers, Inc.",
	%volume   = "",
	%number   = "",
	%series   = "",
	%address  = "",
	edition   = "I",
        year      = "1959",
        %month    = "",
        %note     = ""
     }

@book{ PS95,
	author	  = {{M. E. Peskin, D. V. Schroeder}},
	title	  = {{An Introduction to Quantum Field Theory}},
	publisher = "Westview Press",
	%volume   = "",
	%number   = "",
	%series   = "",
	%address  = "",
	edition   = "I",
        year      = "1995",
        %month    = "",
        %note     = ""
     }

Teoria strun


@book{ GSW87,
	author	  = {{M. B. Green, J. H. Schwarz, E. Witten}},
	title	  = {{Superstring Theory. Volume 1: Introduction.}},
	publisher = "Cambridge University Press",
	%volume    = "I",
	%number   = "",
	%series   = "",
	%address  = "",
	%edition  = "",
        year      = "1987",
        %month    = "",
        %note     = ""
     }


Fizyka matematyczna



@book{ Thi85b,
	author	  = "W. Thirring",
	title	  = {{Fizyka matematyczna. Tom II: Klasyczna teoria pola.}},
	publisher = "Państwowe Wydawnictwo Naukowe",
	volume    = "II",
	%number   = "",
	%series   = "",
	%address  = "",
	edition   = "I",
        year      = "1985",
        %month    = "",
        %note     = ""
     }

@book{ Thi86,
	author	  = "W. Thirring",
	title	  = {{Fizyka matematyczna. Tom III: Mechanika kwantowa atomów i cząstek.}},
	publisher = "Państwowe Wydawnictwo Naukowe",
	volume    = "III",
	%number   = "",
	%series   = "",
	%address  = "",
	edition   = "I",
        year      = "1986",
        %month    = "",
        %note     = ""
     }

@book{ Thi87,
	author	  = "W. Thirring",
	title	  = {{Fizyka matematyczna. Tom IV: Mechanika kwantowa wielkich układów.}},
	publisher = "Państwowe Wydawnictwo Naukowe",
	volume    = "IV",
	%number   = "",
	%series   = "",
	%address  = "",
	edition   = "I",
        year      = "1987",
        %month    = "",
        %note     = ""
     }





BIOLOGIA



@book{ KŁRSzSz02,
	author	  = "H. Krzanowska, A. Łomnicki, J. Rafiński, H. Szarski, J. M. Szymura",
	title	  = {{Zarys mechanizmów ewolucji}},
	publisher = "Wydawnictwo Naukowe PWN",
	%volume   = "",
	%number   = "",
	%series   = "",
	%address  = "",
	edition   = "III -- zmienione",
        year      = "2002",
        %month    = "",
        %note     = ""
     }



CHEMIA




MATEMATYKA



Logika matematyczna


Teoria grup


@book{ Cvi,
	author	  = "P. Cvitanovi\'{c}",
	title	  = {{Group theory. Birdtracks, Lie's, and Exeptional Groups}},
	%publisher = "",
	%volume   = "",
	%number   = "",
	%series   = "",
	%address  = "",
	edition   = "9.0.1",
        %year     = "",
        %month    = "",
        %note     = ""
     }


Algebra


Algebra liniowa


@book{ AR05,
	author	  = {{H. Arodź, K. Rościszewski}},
	title	  = "Algebra i geometria analityczna w zadaniach",
	publisher = "Znak",
	%volume   = "",
	%number   = "",
	%series   = "",
	%address  = "",
	edition   = "I",
        year      = "2005",
        %month    = "",
        %note     = ""
     }

Analiza matematyczna


@book{ Bog07,
	author	  = "V. I. Bogachev",
	title	  = "Measure Theory",
	publisher = "Springer",
	volume    = "I",
	%number   = "",
	%series   = "",
	%address  = "",
	edition   = "I",
        year      = "2007",
        %month    = "",
        %note     = ""
     }

@book{ Koł78,
	author	  = "W. Kołodziej",
	title	  = "Analiza matematyczna",
	publisher = "Państwowe Wydawnictwo Naukowe",
	%volume   = "",
	%number   = "",
	%series   = "",
	%address  = "",
	edition   = "II",
        year      = "1978",
        %month    = "",
        %note     = ""
     }

@book{ KW05,
	author	  = {{W. Krysicki, L. Włodarski}},
	title	  = "Analiza matematyczna w zadaniach",
	publisher = "Wydawnictwo Naukowe PWN",
	volume    = "I",
	%number   = "",
	%series   = "",
	%address  = "",
	edition   = "XXIX",
        year      = "2005",
        %month    = "",
        %note     = ""
     }

@book{ KW04,
	author	  = {{W. Krysicki, L. Włodarski}},
	title	  = "Analiza matematyczna w zadaniach",
	publisher = "Wydawnictwo Naukowe PWN",
	volume    = "II",
	%number   = "",
	%series   = "",
	%address  = "",
	edition   = "XXVII",
        year      = "2004",
        %month    = "",
        %note     = ""
     }


@book{ Sta80,
	author	  = "W. Stankiewicz",
	title	  = "Zadania z matematyki dla wyższych uczelni technicznych",
	publisher = "Państwowe Wydawnictwo Naukowe",
	volume    = "I",
	%number   = "",
	%series   = "",
	%address  = "",
	edition   = "V -- zmienionine",
        year      = "1980",
        %month    = "",
        %note     = ""
      }

@book{ WW67,
	author	  = {{E. T. Whittaker, G. N. Watson}},
	title	  = "Kurs analizy współczesnej",
	publisher = "Państwowe Wydawnictwo Naukowe",
	volume    = "I",
	%number   = "",
	%series   = "",
	%address  = "",
	%edition  = "",
        year      = "1967",
        %month    = "",
        %note     = ""
      }

@book{ WW68,
	author	  = {{E. T. Whittaker, G. N. Watson}},
	title	  = "Kurs analizy współczesnej",
	publisher = "Państwowe Wydawnictwo Naukowe",
	volume    = "II",
	%number   = "",
	%series   = "",
	%address  = "",
	%edition  = "",
        year      = "1968",
        %month    = "",
        %note     = ""
      }


Rachunek wariacyjny




@book{ HNW87,
	author	  = {{E. Hairer, S. P. N\{o}rsett, G. Wanner}},
	title	  = {{Solving Ordinary Differential Equtions I: Nonstiff Problems}},
	publisher = {{Springer}},
	%volume   = "",
	%number   = "",
	series    = {{Springer Series in Computational Mathematics}},
	%address  = "",
	edition  = "I",
        year      = "1987",
        %month    = "",
        %note     = ""
     }

@book{ Tes12,
	author	  = "G. Teschl",
	title	  = {{Ordinary Differential Equations and Dynamical Systems}},
	publisher = {{American Mathematical Society}},
	volume    = "140",
	%number   = "",
	series    = {{Graduate Studies in Mathematics}},
	%address  = "",
	%edition  = "",
        year      = "2012",
        %month    = "",
        %note     = ""
     }


Równania różniczkowe cząstkowe




@book{ Hor83,
	author	  = {{L. H\"{o}rmander}},
	title	  = "The Analysis of Linear Partial Differential Operators I. Distributon Theory and Fourier Analysis",
	publisher = "Springer",
	%volume   = "",
	%number   = "",
	%series   = "",
	%address  = "",
	edition   = "I",
        year      = "1983",
        %month    = "",
        %note     = ""
     }

@book{ Tay96,
	author	  = "M. E. Taylor",
	title	  = "Partial differential equations. Basic theory",
	publisher = "Springer",
	volume    = "I",
	%number   = "",
	%series   = "",
	%address  = "",
	%edition  = "",
        year      = "1996",
        %month    = "",
        %note     = ""
     }

Analiza funkcjonalna

@book{ Chm04,
	author	  = "J. Chmieliński",
	title	  = "Analiza funkcjonalna. Notatki do wykładu.",
	publisher = "Wydawnictwo Naukowe Akademii Pedagogicznej",
	%volume   = "",
	%number   = "",
	%series   = "",
	%address  = "",
	edition   = "II -- uzupełnione",
        year      = "2004",
        %month    = "",
        %note     = ""
     }


@book{ Rud02,
	author	  = "W. Rudin",
	title	  = "Analiza funkcjonalna",
	publisher = "Wydawnictwo Naukowe PWN",
	%volume   = "",
	%number   = "",
	%series   = "",
	%address  = "",
	edition   = "II",
        year      = "2002",
        %month    = "",
        %note     = ""
     }


Geometria różniczkowa


@book{ Gan10,
	author	  = "J. Gancarzewicz",
	title	  = "Zarys współczesnej geometrii różniczkowej",
	publisher = "SCRIPT",
	%volume   = "",
	%number   = "",
	%series   = "",
	%address  = "",
	edition   = "I",
        year      = "2010",
        %month    = "",
        %note     = ""
     }

@book{ Fla69,
	author	  = "H. Flanders",
	title	  = "Teoria form różniczowych",
	publisher = "Państwowe Wydawnictwo Naukowe",
	%volume   = "",
	%number   = "",
	%series   = "",
	%address  = "",
	edition   = "I",
        year      = "1969",
        %month    = "",
        %note     = ""
     }


@book{ Tak79,
	author	  = "M. Takesaki",
	title	  = "Theory of operator algebras",
	publisher = "Springer",
	volume    = "I",
	%number   = "",
	%series   = "",
	%address  = "",
	%edition  = "",
        year      = "1979",
        %month    = "",
        %note     = ""
     }



Zbiory zadań


@book{ "DSz93",
	author	  = {{N. Dróbka, K. Szymański}},
	title	  = "Zbiór zadań z~matematyki",
	publisher = "Wydawnictwo Szkolne i Pedagogiczne",
	%volume   = "",
	%number   = "",
	%series   = "",
	%address  = "",
	edition  = "III",
        year      = "1993",
        %month    = "",
        %note     = ""
     }


Dzieła zbiorcze


@book{ ZL78,
	author	  = {{W. Żakowski, W. Leksiński}},
	title	  = {{Matematyka. Część IV}},
	publisher = "Wydawnictwo Naukowo-Techniczne",
	%volume   = "",
	%number   = "",
	%series   = "",
	%address  = "",
	edition   = "V -- poprawione",
        year      = "1978",
        %month    = "",
        %note     = ""
     }



POPULARNONAUKOWE







INFORMATYKA



@book{ Gre05,
	author	  = {{J. Gr\k{e}bosz}},
	title	  = {{Symfonia C++ standard}},
	publisher = {{EDITION 2000}},
	volume    = "I",
	%number   = "",
	%series   = "",
	%address  = "",
	edition   = "II",
        year      = "2006",
        %month    = "",
        %note     = ""
     }

@book{ HMU05,
	author	  = {{J. E. Hopcroft, R. Motwani, J. D. Ullman}},
	title	  = "Wprowadzenie do teorii automatów, języków i obliczeń",
	publisher = "Wydawnictwo Naukowe PWN",
	%volume   = "",
	%number   = "",
	%series   = "",
	%address  = "",
	edition   = "II",
        year      = "2005",
        %month    = "",
        %note     = ""
     }

@book{ KR01,
	author	  = {{B. W. Kernighan, D. M. Ritchie}},
	title	  = {{Język ANSI C}},
	publisher = {{Wydawnictwo Naukowo-Techniczne}},
	%volume   = "",
	%number   = "",
	%series   = "",
	%address  = "",
	edition   = "VI",
        year      = "2001",
        %month    = "",
        %note     = ""
     }



KULTURA



@book{ ALP88,
	author	  = {{Red. S. Grzeszczuka, A. Niewolak-Krzywda}},
	title	  = {{Arcydzieła Literatury Polskiej}},
	publisher = "Krajowa Agencja Wydawnicza",
	volume    = "II",
	%number   = "",
	%series   = "",
	address   = "Rzeszów",
	%edition  = "",
        year      = "1988",
        %month    = "",
        %note     = ""
     }

@book{ Che74,
	author	  = {{G. K. Chesterton}},
	title	  = "Pisma wybrane",
	publisher = "Znak",
	%volume   = "",
	%number   = "",
	%series   = "",
	%address  = "",
	%edition  = "",
        year      = "1974",
        %month    = "",
        %note     = ""
     }

@book{ CW74,
	author	  = {{B. Chrz\k{a}stowska, S. Wyso\l{}uch}},
	title	  = "Wiadomo\'{s}ci z teorii literatury w analizie literackiej",
	publisher = "Wydawnictwo Szkolne i Pedagogiczne",
	%volume   = "",
	%number   = "",
	%series   = "",
	%address  = "",
	edition  = "I",
        year      = "1974",
        %month    = "",
        %note     = ""
     }

@book{ Glo77,
	author	  = {{M. G\l{}owi\'{n}ski}},
	title	  = "Style odbioru",
	publisher = {{Wydawnictwa Literackie}},
	%volume   = "",
	%number   = "",
	%series   = "",
	%address  = "",
	edition   = "I",
        year      = "1977",
        %month    = "",
        %note     = ""
     }

@book{ GOSS91,
	author	  = {{M. G\l{}owi\'{n}ski, A. Okopie\'{n}-S\l{}awi\'{n}ska, J. S\l{}awi\'{n}ski}},
	title	  = "Zarys teorii literatury",
	publisher = {{Wydawnictwa Szkolne i Pedagogiczne}},
	%volume   = "",
	%number   = "",
	%series   = "",
	%address  = "",
	edition   = "VI -- poprawione",
        year      = "1991",
        %month    = "",
        %note     = ""
     }



@book{ Kow99,
	author	  = "A. Kowalczykowa",
	title	  = {{Słowacki}},
	publisher = {{Wydawnictwo Naukowe PWN}},
	%volume   = "",
	%number   = "",
	%series   = "",
	%address  = "",
	edition   = "II -- uzupełnione",
        year      = "1999",
        %month    = "",
        %note     = ""
     }

@book{ Kry89,
	author	  = "Red. W. Krysicki",
	title	  = {{Poczet wielkich matematyków}},
	publisher = {{Nasza Księgarnia}},
	%volume   = "",
	%number   = "",
	%series   = "",
	%address  = "",
	%edition   = "",
        year      = "1989",
        %month    = "",
        %note     = ""
     }

@book{ Krz02,
	author	  = "A. Krzyżanowski",
	title	  = {{Chrześcijańska moralność polityczna. Wybór pism.}},
	publisher = {{Kraków}},
	%volume   = "",
	%number   = "",
	%series   = "",
	%address  = "",
	%edition   = "",
        year      = "2002",
        %month    = "",
        %note     = ""
     }


@book{ LS10,
	author	  = "C. Levi-Strauss",
	title	  = {{Surowe i gotowane}},
	publisher = {{Aletheia}},
	%volume   = "",
	%number   = "",
	%series   = "",
	%address  = "",
	%edition   = "",
        year      = "2010",
        %month    = "",
        %note     = ""
     }

@book{ Lyo76,
	author	  = "John Lyons",
	title	  = {{Wst\k{e}p do j\k{e}zykonawstwa}},
	publisher = {{Pa\'{n}stwowe Wydawnictwo Naukowe}},
	%volume   = "",
	%number   = "",
	%series   = "",
	address   = "Warszawa",
	%edition   = "",
        year      = "1976",
        %month    = "",
        %note     = ""
     }

@book{ Mal84,
	author	  = "B. Malinowski",
	title	  = {{Dzie\l{}a. Tom I: Wierzenia pierwotne i formy ustroju spo\l{}ecznego, O zasadzie ekonomi myślenia}},
	publisher = {{Pa\'{n}stwowe Wydawnictwo Naukowe}},
	%volume   = "",
	%number   = "",
	%series   = "",
	%address  = "",
	edition   = "II",
        year      = "1984",
        %month    = "",
        %note     = ""
     }



@book{ Mel09,
	author	  = "M. Melanowicz",
	title	  = {{Japo\'{n}ski dramat telewizyjny}},
	publisher = {{Wydawnictwo Akademickie DIALOG}},
	%volume   = "",
	%number   = "",
	%series   = "",
	%address  = "",
	edition   = "I",
        year      = "2009",
        %month    = "",
        %note     = ""
     }

@book{ Win59,
	author	  = {{A. H. Winsnes}},
	title	  = {{Sigrid Undset}},
	publisher = {{Instytut Wydawniczy PAX}},
	%volume   = "",
	%number   = "",
	%series   = "",
	%address  = "",
	edition   = "I",
        year      = "1959",
        %month    = "",
        %note     = ""
     }

@book{ Zmi74,
	author	  = {{Red. M. Żmigrodzka}},
	title	  = {{Problemy polskiego romantyzmu. Seria druga.}},
	publisher = {{Wydawnictwo Polskiej Akademii Nauk}},
	%volume   = "",
	%number   = "",
	%series   = "",
	%address  = "",
	%edition   = "",
        year      = "1974",
        %month    = "",
        %note     = ""
     }

@book{ Zmi81,
	author	  = {{Red. M. Żmigrodzka}},
	title	  = {{Problemy polskiego romantyzmu. Seria trzecia.}},
	publisher = {{Wydawnictwo Polskiej Akademii Nauk}},
	%volume   = "",
	%number   = "",
	%series   = "",
	%address  = "",
	edition   = "I",
        year      = "1981",
        %month    = "",
        %note     = ""
     }



HISTORIA



@book{ Edw13,
	author	  = "L. Edwards",
	title	  = "Amerykański konserwatyzm. Krótka historia.",
	publisher = "Wydawnictwo Słowa i Myśli",
	%volume   = "",
	%number   = "",
	%series   = "",
	%address  = "",
	edition   = "I",
        year      = "2013",
        %month    = "",
        %note     = ""
     }

@book{ Fer12,
	author	  = {{Ch. A. Ferrara}},
	title	  = "Liberty: The God That Failed",
	publisher = "Angelico Press",
	%volume   = "",
	%number   = "",
	%series   = "",
	%address  = "",
	edition   = "Second printing",
        year      = "2012",
        %month    = "",
        %note     = ""
     }



@book{ O'Mal11,
	author	  = "J. W. O'Malley SJ",
	title	  = "Co się wydarzy\l{}o podczas Soboru Watyka\'{n}skiego Drugiego",
	publisher = "WAM",
	%volume   = "",
	%number   = "",
	%series   = "",
	%address  = "",
	edition   = "I",
        year      = "2011",
        %month    = "",
        %note     = ""
     }

@book{ Rho00,
	author	  = {{R. Rhodes}},
	title	  = {{Jak powstała bomba atomowa}},
	publisher = {{Pr\'{o}szyński i S-ka}},
	%volume   = "",
	%number   = "",
	%series   = "",
	%address  = "",
	%edition   = "",
        year      = "2000",
        %month    = "",
        %note     = ""
     }

@book{ CzR04,
	author	  = {{J. Czyżma, E. Roguszczak}},
	title	  = {{J\k{e}zyk \k{l}aci\k{n}ski}},
	publisher = {{Wydawnictwo Uniwersytetu Gda\k{n}skiego}},
	%volume   = "",
	%number   = "",
	%series   = "",
	%address  = "",
	edition   = "V",
        year      = "2004",
        %month    = "",
        %note     = ""
     }

@book{ Mur98,
	author	  = {{R. Murphy}},
	title	  = {{English Grammar in Use}},
	publisher = {{Cambridge University Press}},
	%volume   = "",
	%number   = "",
	%series   = "",
	%address  = "",
	edition   = "Second",
        year      = "1998",
        %month    = "",
        %note     = ""
     }



ARTYKULY





MATEMATYKA


@article{ Har93,
	author  = {{J. Harrison}},
	year    = {{1993}},
	title   = {{Stokes' theorem for nonsmoot chains}},
	journal = "Bull. Amer. Math. Soc. (N. S.)",
	volume  = "29",
	pages   = "235-242",
	archivePrefix = "arXiv:math",
     	eprint        = "9310231v1",
     	primaryClass  = "math.DG"
    }

@article{ MN12,
	author  = {{F. C. Marques, A. Neves}},
	year    = {{2012}},
	title   = {{Min-Max theory and the Willmore conjecture}},
	archivePrefix = "arXiv",
     	eprint        = "1202.6036v2",
     	primaryClass  = "math-DG",
    }


FIZYKA FAZY SKONDENSOWANEJ


@article{ QWZ12,
	author  = {{X.-L. Qi, E. Witten, S.-Ch. Zhang}},
	year    = {{2012}},
	title   = {{Axion topological field theory of topological superconductors}},
	archivePrefix = "arXiv",
     	eprint        = "1206.1407v2",
     	primaryClass  = "cond-mat.supr-con",
    }



GENERAL RELATIVITY



@article{ EF07,
	author  = {{H. Elvang, P. Figuras}},
	year    = {{2007}},
	title   = {{Black Saturn}},
	archivePrefix = "arXiv",
     	eprint        = "0701.035v2",
     	primaryClass  = "hep-th",
    }

QFT


@article{ BMM01,
	author  = {{M. Bordag, U. Mohideen, V. M. Mostepanenko}},
	year    = "2001",
	title   = {{New Developments in the Casimir Effect}},
	journal = "Phys.Rept.",
	volume  = "353",
	pages   = "1-205"
	archivePrefix = "arXiv",
    	eprint        = "0106045",
     	primaryClass  = "quant-ph",
     }

@article{ Cas48,
	author  = {{H. G. B. Casimir}},
	year    = "1948",
	title   = "On the attraction between two perfectly conducting plates",
	journal = {{Proc. K. Ned. Akad. Wet.}},
	volume  = "B51",
	pages   = "793"
     }



FIZYKA MATEMATYCZNA


@article{ BCH73,
	author  = {{J. M. Bardeen, B. Carter, S. W. Hawking}},
	year    = "1973",
	title   = {{The Four Law of Black Hole Mechanics}},
	journal = {{Commun. math. Phys.}},
	volume  = "31",
	pages   = "161--170"
     }

@article{ Car68,
	author  = "B. Carter",
	year    = "1968",
	title   = {{Hamilton-Jacobi and Schrodinger Separable Solutions of Einstein's Equation}},
	journal = "Commun. math. Phys.",
	volume  = "10",
	pages   = "280--310"
     }

@article{ DBHPS08,
	author  = {{G. H. E. Duchamp, P. Blasiak, A. Horzela, K. A. Penson, A. I. Solomon}},
	year    = "2008",
	title   = {{Hopf Algebras in General and in Combinatorial Physics: a practical introduction}},
	archivePrefix = "arXiv",
    	eprint        = "0802.0249v1",
     	primaryClass  = "quant-ph",
     }

@article{ GB03,
	author  = {{J. M. Gracia-Bondia}},
	year    = "2003",
	title   = {{Improved Epstein-Glaser renormalization in coordinate space I. Euclidean framework}},
	journal = "Math. Phys. Anal. Geom",
	volume  = "6",
	pages   = "59--88",
	archivePrefix = "arXiv",
    	eprint        = "0202.023v1",
     	primaryClass  = "hep-th",
     }

@article{ Haw75,
	author  = {{S. W. Hawking}},
	year    = "1975",
	title   = {{Particle Creation by Black Holes}},
	journal = {{Commun. math. Phys.}},
	volume  = "43",
	pages   = "199--220"
    }

@article{ Sum12,
	author  = {{S. J. Summers}},
	year    = "2012",
	title   = {{A Perspective on Constructive Quantym Field Theory}},
	archivePrefix = "arXiv",
    	eprint        = "1203.3991v1",
     	primaryClass  = "math-ph"
    }



AQFT


@article{ BDFV09,
	author  = {{R. Brunetti, M. D\"{u}tsch, K. Fredenhagen, R. Verch}},
	year    = "2009",
	title   = {{Perturbative Algebraic Quantum Field Theory and the Renormalization Groups}},
	archivePrefix = "arXiv",
     	eprint        = "0901.2038v2v1",
     	primaryClass  = "math-th",
     }

@article{ BF00,
	author  = {{R. Brunetti, K. Fredenhagen}},
	year    = "2000",
	title   = {{Microlocal Analysis and Interacting Quantum Field Theories: Renormalization on Physical Backgrounds}},
	journal = "Commun. Math. Phys.",
	volume  = "208",
	pages   = "623--661",
	archivePrefix = "arXiv",
     	eprint        = "9903.028v1",
     	primaryClass  = "math-ph",
     }

@article{ BF09,
	author  = {{R. Brunetti, K. Fredenhagen}},
	year    = "2009",
	title   = {{Quantum Field Theory on Curved Backgrounds}},
	archivePrefix = "arXiv",
     	eprint        = "0901.2063v1",
     	primaryClass  = "gr-qc",
     }

@article{ BFV03,
	author  = {{R. Brunetti, K. Fredenhagen, R. Verch}},
	year    = "2003",
	title   = {{The Generally Covariant Locality Principle -- A New Paradigm for Local Quantum Field Theory}},
	journal = "Commun. Math. Phys.",
	volume  = "237",
	pages   = "31--68",
	archivePrefix = "arXiv",
     	eprint        = "0112.041v1",
     	primaryClass  = "math-th",
     }

@article{ Buc82,
	author  = {{D. Buchholz}},
	year    = "1982",
	title   = {{The Physical State Space of Quantum Electrodynamics}},
	journal = "Commun. Math. Phys.",
	volume  = "85",
	pages   = "49--71"
     }

@article{ Dim80,
	author  = "J. Dimock",
	year    = "1980",
	title   = {{Algebras of Local Observables on a Manifold}},
	journal = {{Commun. Math. Phys.}},
	volume  = "77",
	pages   = "219--228"
     }

@article{ FR12,
	author  = {{K. Fredenhagen, K. Rejzner}},
	year    = "2012",
	title   = {{Perturbative algebraic quantum field theory}},
	archivePrefix = "arXiv",
     	eprint        = "1208.1428v2",
     	primaryClass  = "hep-th",
    }

@article{ Her01,
	author  = "A. Herdegen",
	year    = "2001",
	title   = {{No-nonsens Casimir force}},
	journal = {{Acta Phys.Polon.}},
	volume  = "B32",
	pages   = "55--65"
	archivePrefix = "arXiv",
     	eprint        = "0008.207v2",
     	primaryClass  = "hep-th",
    }

@article{ AHQBCEI,
	author  = "A. Herdegen",
	year    = "2005",
	title   = {{Quantum backreaction (Casimir) effect I. What are admissible idealizations?}},
	journal = "Ann. H. Poincare",
	volume  = "6",
	pages   = "657--695"
	archivePrefix = "arXiv",
     	eprint        = "0412.132v1",
     	primaryClass  = "hep-th",
    }

@article{ Her06,
	author  = "A. Herdegen",
	year    = "2006",
	title   = {{Quantum backreaction (Casimir) effect II. Scalar and electromagnetic fields}},
	journal = "Ann. H. Poincare",
	volume  = "7",
	pages   = "253--301"
	archivePrefix = "arXiv",
     	eprint        = "0507.023v1",
     	primaryClass  = "hep-th",
    }

@article{ HS10,
	author  = {{A. Herdegen, M. Stopa}},
	year    = {{2010}},
	title   = {{Global vs local Casimir effect}},
	journal = "Ann. H. Poincare",
	volume  = "11",
	pages   = "1171-1200"
	archivePrefix = "arXiv",
     	eprint        = "1007.2139v1",
     	primaryClass  = "hep-th",
    }

@article{ Kel10,
	author  = {{K. J. Keller}},
	year    = {{2010}},
	title   = {{Dimensional Regularization in Position Space and a Forest Formula for Regularized Epstein-Glaser Renormalization}},
	note 	= {{PhD thesis}},
	archivePrefix = "arXiv",
     	eprint        = "1006.2148v1",
     	primaryClass  = "math-th",
    }


Inne. Nieuporządkowane.


@article{ Chan.et.al01,
	author = {{H. B. Chan, V. A. Aksyuk, R. N. Kleiman, D. J. Bishop, Federico Capasso}},
	year = "2001",
	title = {{Quantum Mechanical Actuation of Microelectromechanical Systems by the Casimir Force}},
	journal = "Science",
	volume = "297",
	pages = "1941"
      }

@article{ Kus12,
	author = {{P. Kusek}},
	year = "2012",
	title = {{Transformacje Bogolubowa w układach kwantowych}},
	%journal = "",
	%volume = "",
	%pages = ""
      }

@article{ ,
	author = {{F. Michael Serry, Dirk Walliser, G. Jordan Maclay}},
	year = "1998",
	title = {{The role of the casimir effect in the static deflection and stiction of
	membrane strips in microelectromechanical systems (MEMS)}},
	journal = "J. Appl. Phys.",
	volume = "84",
	pages = "2501"
      }

@article{ Spa58,
	author = {{M. J. Sparnaay}},
	year = "1958",
	title = "Measurements of attractive forces between flat plates",
	journal = "Physica",
	volume = "24",
	pages = "751--764"
      }


HISTORIA I FILOZOFIA NAUKI


@article{ Wit14,
	author = "E. Witten",
	year = "2014",
	title = {{A Note On Einsten, Bergmann, and the Fifth Dimesion}},
	archivePrefix = "arXiv",
     	eprint        = "1401.8048v1",
     	primaryClass  = "hist-ph",
      }
