


@Comment #############################################################
FILOZOFIA, MYŚL, POLITYKA I KULTURA IZRAELA
@Comment #############################################################


@Comment ###############################
FILOZOFIA, POLITYKA I KULTURA IZRAELA PO 1933 R.
@Comment ###############################


@book{ ZertalNarodISmierc,
  author =	 {Idith Zetal},
  title =	 {Naród i~śmierć. Zagłada w~dyskursie i~polityce
                  Izraela},
  publisher =	 {Univeristas},
  address =	 {Kraków},
  year =	 2010,
  edition =	 {{I}},
  note =	 {Tłum. Jan Maria Kłoczowski},
  series =	 {Poleca Adam Michnik},
}