@Comment #############################################################
@Comment #############################################################
FILOZOFIA I TEORIA KULTURY
@Comment #############################################################
@Comment #############################################################

@Comment #############################################################
@Comment #############################################################
KINO
@Comment #############################################################
@Comment #############################################################


@book{ DeleuzeKino2008,
  author =	 "Gilles Deleuze",
  title =	 {{Kino. 1. Obraz\dywiz{}ruch. 2. Obraz\dywiz{}czas}},
  publisher =	 {{słowo/obraz terytoria}},
  address =	 {{Gdańsk}},
  year =	 2008,
  edition =	 {{I}},
  series =	 {{Klasyka Światowej Humanistyki}},
}

@book{ GwozdzEuropejskieManifestyKina2002,
  author =	 "Wyb.~Andrzej Gwóźdź",
  title =	 {{Europejskie manifesty kina. Od~Matuszewskiego
		  do~Dogmy. Antologia}},
  publisher =	 {{Wiedza Powszechna}},
  series =	 "Klasyka Światowej Humanistyki",
  address =	 "Warszawa",
  year =	 2002,
  edition =	 {{I}},
}

@book{ KornackiPopiolIDiament2011,
  author =	 "Krzysztof Kornacki",
  title =	 {{Popiół i~diament Andrzeja Wajdy}},
  publisher =	 {{słowo/obraz terytoria}},
  address =	 "Gdański",
  year =	 2011,
  edition =	 {{I}},
}

@book{ LoskaHitchcockAutorWsrodGatunkow2002,
  author =	 "Krzysztof Loska",
  title =	 {{Hitchcock --~autor wśród gatunków}},
  publisher =	 {{Rabid}},
  address =	 "Kraków",
  year =	 2002,
  edition =	 {{I}},
}





@Comment ###############################
KINO WSCHODNIEJ EURAZJI
@Comment ###############################


@book{ KletowskiKinoDalekiegoWschodu2009,
  author =	 "Piotr Kletowski",
  title =	 {{Kino Dalekiego Wschodu}},
  publisher =	 {{Wydawnictwo Krytyki Politycznej}},
  address =	 {{Warszawa}},
  year =	 2009,
  edition =	 {{I}},
}

@book{ KletowskiSfilomowacDusze,
  author =	 "Piotr Kletowski",
  title =	 {{Sfilmować duszę. Mała historia kina japońskiego}},
  publisher =	 {{Centrum Sztuki i~Techniki Japońskiej Manggha}},
  address =	 {{Kraków}},
  year =	 {{}},
  edition =	 {{I}},
}





@Comment ###############################
KINO ZACHODNIEJ EURAZJI
@Comment ###############################


@book{ RedKletowskiEuropejskieKinoGatunkow2016,
  author =	 "Red. Piotr Kletowski",
  title =	 {{Europejskie Kino Gatunków}},
  publisher =	 {{Wydawnictwo Uniwersytetu Jagiellońskiego}},
  address =	 {{Kraków}},
  year =	 2016,
  edition =	 {{I}},
}

@book{ SzczepanskiZwierciadloBergmana2007,
  author =	 "Tadeusz Szczepański",
  title =	 {{Zwierciadło Bergmana}},
  publisher =	 "słowo/obraz terytoria",
  address =	 "Gdańsk",
  year =	 2007,
  edition =	 {{III, poprawione i~uzupełnione}},
}





@Comment ###############################
ANALIZY GRZEGORZA KRÓLIKIEWICZA
@Comment ###############################


@book{ KrolikiewiczGoraStoi1995,
  author =	 {Grzegorz Królikiewicz},
  title =	 {Góra stoi! Próba analizy filmu Akiry Kurosawy
		  ,,Sobowtór''},
  publisher =	 {Studio Filmowe~N},
  address =	 {Łódź},
  year =	 1995,
  edition =	 {{I}},
}





@Comment #############################################################
@Comment #############################################################
MUZYKA
@Comment #############################################################
@Comment #############################################################

                  

@Comment ###############################
BIOGRAFIE I OPOWIEŚCI O MUZYKACH
@Comment ###############################


@book{ ChromcewiczTheBeatles1990,
  author =	 {Witold Chromcewicz},
  title =	 {The~Beatles},
  publisher =	 {Polskie Wydawnictwo Muzyczne},
  address =	 {Kraków},
  year =	 1990,
  edition =	 {{I}},
}
