@Comment #############################################################
@Comment #############################################################
KOMIKSY
@Comment #############################################################
@Comment #############################################################


@book{ ChmielewskiZlotaKsiegaPrzygod2002,
  author =	 {Henryk Jerzy Chmielewski},
  title =	 {Tytus Romek i~A'Tomek. Złota księga przygód},
  publisher =	 {Prószyński i~S-ka},
  address =	 {Warszawa},
  year =	 2002,
  edition =	 {{I}},
}





@Comment ###############################
POWIEŚCI GRAFICZNE
@Comment ###############################


@book{ PrattCoroMalteseBalladaOSlonymMorzu2004,
  author =	 {Hugo Pratt},
  title =	 {Corto Maltese. Ballada o~słonym morzu},
  publisher =	 {Wydawnictwo POST},
  address =	 {Kraków},
  year =	 2004,
  edition =	 {{I}},
  note =	 {{Tłumaczenie z~języka włosckiego: Monika Gurgul.
		  Opracownie graficzne i~liternictwo: Joanna
		  Holeksa-Szłapa}}
}





@Comment ###############################
WILL EINSER -- KOMIKSY
@Comment ###############################

@book{ EisneSpirit2009,
  author =	 "Will Eisner",
  title =	 {{Spirit. Najlepsze opowieści}},
  publisher =	 {{Egmont Polska}},
  address =	 {{Warszawa}},
  year =	 2009,
  edition =	 {{I}},
}





@Comment ###############################
WILL EINSER -- POWIEŚCI GRAFICZNE
@Comment ###############################


@book{ EisnerUmowaZBogiem2007,
  author =	 "Will Eisner",
  title =	 {{Trylogia Umowa z~Bogiem. Życie na~Dropsie Avenue}},
  publisher =	 {{Egmont Polska}},
  address =	 {{Warszawa}},
  year =	 2007,
  edition =	 {{I}},
  note =	 {{Tłum. Jacek Drewnowski}},
}

@book{ EisneNowyYork2008,
  author =	 "Will Eisner",
  title =	 {{Nowy York. Życie w~wielki mieście}},
  publisher =	 {{Egmont Polska}},
  address =	 {{Warszawa}},
  year =	 2008,
  edition =	 {{I}},
}

@book{ EisnerZycieWObrazkach2009,
  author =	 "Will Eisner",
  title =	 {{Życie w~obrazkach. Opowieści autobiograficzne}},
  publisher =	 {{Egmont Polska}},
  address =	 {{Warszawa}},
  year =	 2009,
  edition =	 {{I}},
}
                  




@Comment #############################################################
@Comment #############################################################
POEZJA
@Comment #############################################################
@Comment #############################################################


@book{ BaranczakAntologiaAngielskiejPozejiMetafizycznej1982,
  author =	 {Stanisław Barańczak},
  title =	 {{Antologia angielskiej poezji metafizycznej XVII
		  stulecia}},
  publisher =	 {{Państwowy Instytytu Wydawniczy}},
  address =	 {{Warszawa}},
  year =	 1982,
  edition =	 {{I}},
}





@Comment ###############################
POEZJA W JĘZYKU ORYGINALNYM
@Comment ###############################




@Comment #############################################################
@Comment #############################################################
OPOWIADANIA
@Comment #############################################################
@Comment #############################################################


@book{ LemDziennikiGwiazdowe1982,
  author =	 {Stanisław Lem},
  title =	 {Dzienniki gwiazdowe. Wydanie rozszerzone},
  publisher =	 {Wydawnictwo Literackie},
  address =	 {Kraków},
  year =	 1982,
  edition =	 {{I~rozszerzone}},
}

@book{ WildsteinPrzyszloscZOgraniczona2010,
  author =	 "Bronisław Wildstein",
  title =	 {{Przyszłość z~ograniczoną odpowiedzialnością}},
  publisher =	 {{Wydawnictwo~M}},
  address =	 {{Kraków}},
  year =	 2010,
  edition =	 {{II}},
}





@Comment #############################################################
@Comment #############################################################
POWIEŚCI
@Comment #############################################################
@Comment #############################################################


@book{ ChestertonCzlowiekKtoryBylCzwartkiem2008,
  author =	 "Gilbert Keith Chesterton",
  title =	 {{Człowiek, który był czwartkiem}},
  publisher =	 {{FRONDA PL sp. z o. o.}},
  address =	 {{Warszawa}},
  year =	 2008,
  edition =	 {{I}},
}

@book{ DukajWroniec2009,
  author =	 "Jacek Dukaj",
  title =	 {{Wroniec}},
  publisher =	 {{Wydawnictwo Literackie Sp. z~o.o.}},
  address =	 {{Kraków}},
  year =	 2009,
  edition =	 {{I}},
}

@book{ EndoMilczenie1986,
  author =	 "Shusaku Endo",
  title =	 {{Milczenie}},
  publisher =	 {{Instytut Wydawniczy PAX}},
  address =	 {{Warszawa}},
  year =	 1986,
  edition =	 {{II}},
}

@book{ MannDoktorFaustus2002,
  author =	 "Tomasz Mann",
  title =	 {{Doktor Faustus. Żywot niemieckiego kompozytora
		  Adriana Leverk\"{u}hna opowiedziany przez jego
		  przyjaciela}},
  publisher =	 {{Porozumienie Wydawców}},
  address =	 {{Kraków}},
  year =	 2002,
  edition =	 {{I}},
}



                  






@Comment #############################################################
SZTUKI TEATRALNE
@Comment #############################################################


@Comment ###############################
SHAKESPEARE
@Comment ###############################


@book{ ShakespeareWesoleKumoszkiZWindsoru1998,
  author =	 "William Shakespeare",
  title =	 {{Wesołe kumoszki z~Windsoru}},
  publisher =	 {{Wydawnictwo ZNAK}},
  address =	 {{Kraków}},
  year =	 1998,
  edition =	 {{I}},
}

@book{ ShakespeareBurza1999,
  author =	 "William Shakespeare",
  title =	 {{Burza}},
  publisher =	 {{Wydawnictwo ZNAK}},
  address =	 {{Kraków}},
  year =	 1999,
  edition =	 {{I}},
}




@Comment #############################################################
ZBIORY AFORYZMÓW
@Comment #############################################################


@book{ MickiewiczMysliZdaniaIUwagi2000,
  author =	 "Adam Mickiewicz",
  title =	 {{Myśli, zdania i~uwagi}},
  publisher =	 "Prószyński i~S\dywiz ka",
  address =	 {{Warszawa}},
  year =	 2000,
  edition =	 {{I}},
}





@Comment #############################################################
SKRAJNA PROPAGANDA
@Comment #############################################################

@book{ MickiewiczKsiegaNaroduPolskieg2004,
  author =	 "Adam Mickiewicz",
  title =	 {{Księgi narodu polskiego i~pielgrzymstwa polskiego}},
  publisher =	 {{Zakład Narodowy im. Ossolińskich}},
  address =	 {{Wrocław}},
  year =	 2004,
  edition =	 {{}},
}