@Comment ##############################################################
@Comment ##############################################################
MITOLOGIE
@Comment ##############################################################
@Comment ##############################################################


@book{ KunstlerMitologiaChinska1981,
  author =	 {Mieczysław J. K\"{u}nstler},
  title =	 {Mitologia chińska},
  publisher =	 {Wydawnictwa Artystyczne i~Filmowe},
  address =	 {Warszawa},
  year =	 1981,
  edition =	 {{II}},
  series =	 {Mitologie świata},
}
@Comment Popraw numer wydania

@book{ LyczkowskaSzarzynskaMitologiaMezopotamii1981,
  author =	 {Łyczkowska, Krystyna and Szarzyńska, Krystyna},
  title =	 {Mitologia Mezopotamii},
  publisher =	 {Wydawnictwa Artystyczne i~Filmowe},
  address =	 {Warszawa},
  year =	 1981,
  edition =	 {{I}},
  series =	 {Mitologie świata},
}

@book{ PiekarczykMitologiaGermanska1979,
  author =	 {Stanisława Piekarczyk},
  title =	 {Mitologia Germańska},
  publisher =	 {Wydawnictwa Artystyczne i~Filmowe},
  address =	 {Warszawa},
  year =	 1979,
  edition =	 {{I}},
}

@book{ PietrzykowskiMitologiaStarozytnejGrecji1985,
  author =	 {Michał Pietrzykowski},
  title =	 {Mitologia starożytnej Grecji},
  publisher =	 {Wydawnictwa Artystyczne i~Filmowe},
  address =	 {Warszawa},
  year =	 1985,
  edition =	 {{IV}},
  series =	 {Mitologie świata},
}

@book{ TubielewiczMitologiaJaponii1980,
  author =	 {Jolanta Tubielewicz},
  title =	 {Mitologia Japonii},
  publisher =	 {Wydawnictwa Artystyczne i~Filmowe},
  address =	 {Warszawa},
  year =	 1980,
  edition =	 {{II}},
  series =	 {Mitologie świata},
}





@Comment #############################################################
@Comment ##############################################################
HISTORIA
@Comment ##############################################################
@Comment #############################################################



@Comment #############################################################
HISTORIA IZRAELA
@Comment #############################################################


@Comment ###############################
IZRAEL I BLISKI WSCHÓD PO 1850 R.
@Comment ###############################


@book{ ShavitMojaZiemiaObiecana2014,
  author =	 {Ari Shavit},
  title =	 {Moja Ziemia Obiecana. Triumf i~tragedia Izraela},
  publisher =	 {Wydawnictwo Uniwersytetu Jagiellońskiego},
  address =	 {Kraków},
  year =	 2014,
  edition =	 {{I}},
  note =	 {Tłum. Barbara Gutowska-Nowak},
}





@Comment ###############################
IZRAEL I BLISKI WSCHÓD PO 1945 R.
@Comment ###############################


@book{ BensimonErreraZydziIArabowie2000,
  author =	 {Doris Bensimon, Eglal Errera},
  title =	 {Żydzi i~Arabowie. Historia współczesnego Izraela},
  publisher =	 {Wydawnictwo Cyklady},
  address =	 {Warszawa},
  year =	 2000,
  edition =	 {{I}},
  note =	 {Tłum. Regina Gromacka, Krzysztof Pruski},
}





@Comment #############################################################
HISTORIA BLISKIEGO WSCHODU
@Comment #############################################################







@Comment ###############################
BLISKI WSCHÓD PO 1945 R.
@Comment ###############################


@book{ BensimonErreraZydziIArabowie2000,
  author =	 {Doris Bensimon, Eglal Errera},
  title =	 {Żydzi i~Arabowie. Historia współczesnego Izraela},
  publisher =	 {Wydawnictwo Cyklady},
  address =	 {Warszawa},
  year =	 2000,
  edition =	 {{I}},
  note =	 {Tłum. Regina Gromacka, Krzysztof Pruski},
}





@Comment ###############################
DZIEJE LAT 1789-1914
@Comment ###############################


@book{ McPhersonBattleCryOfFreedom2016,
  author =	 {James M.~McPherson},
  title =	 {Battle Cry Of~Freedom. Historia Wojny Secesyjnej},
  publisher =	 {Napolen~V},
  address =	 {Oświęcim},
  year =	 2016,
  edition =	 {{I}},
}

@book{ ZarembaUzbrojonaDemokracja2012,
  author =	 {Piotr Zaremba},
  title =	 {Uzbrojona demokracja. Theodore Roosevelt i~jego
		  Ameryka},
  publisher =	 {Neriton},
  address =	 {Oświęcim},
  year =	 2012,
  edition =	 {{I}},
  series =	 {Dzieje polityczne Stanów Zjednoczonych od~roku 1900},
  volume =	 {{I}},
}





@Comment ###############################
DZIEJE LAT PO 1914 R.
@Comment ###############################


@book{ JohnsonHistoriaSwiataXXWiekuTomI2009,
  author =	 {Paul Johnson},
  title =	 {Historia świata XX~wieku, od~rewolucji
		  Październikowej do~,,Solidarności''},
  publisher =	 {Fijorr Publishing},
  address =	 {Warszawa},
  year =	 2009,
  edition =	 {{I}},
}

@book{ SuworowGRU1999,
  author =	 {Wiktor Suworow},
  title =	 {GRU. Radziecki wywiad wojskowy},
  publisher =	 {Wydawnictwo Adamski i~Bieliński},
  address =	 {Warszawa},
  year =	 1999,
  edition =	 {{I}},
}

@book{ SuworowAlfabet2014,
  author =	 {Wiktor Suworow},
  title =	 {Alfabet Suworowa oraz~,,Od~Stalina do~Putina''
		  wywiad Piotra Zychowicza z~autorem},
  publisher =	 {Dom Wydawniczy REBIS Sp. z~o.o.},
  address =	 {Warszawa},
  year =	 2014,
  edition =	 {{I}},
}





@Comment ###############################
PIERWSZA WOJNA ŚWIATOWA
@Comment ###############################


@book{ GilbertPierwszaWojnaSwiatowa2003,
  author =	 {Martin Gilbert},
  title =	 {Pierwsza wojna światowa},
  publisher =	 {Zysk i~S-ka},
  address =	 {Poznań},
  year =	 2003,
  edition =	 {{I}},
}





@Comment ###############################
ŚWIAT PO 1945 R.
@Comment ###############################


@book{ JudtPowojnie2016,
  author =	 {Tony Judt},
  title =	 {Powojnie. Historia Europy od~roku~1945},
  publisher =	 {Dom Wydawniczy Rebis},
  address =	 {Poznań},
  year =	 2016,
  edition =	 {I~(dodruk)},
}





@Comment ###############################
ŚWIAT PO 1989 R.
@Comment ###############################


@book{ TherNowyLad2015,
  author =	 {Philipp Ther},
  title =	 {Nowy ład na~starym kontynencie. Historia
		  neoliberalnej Europy},
  publisher =	 {Kurhaus Publishing},
  address =	 {Warszawa},
  year =	 2015,
  edition =	 {{I}},
  series =	 {Biznes horyzonty},
}





@Comment ###############################
RÓŻNE DZIEŁA HISTORYCZNE
@Comment ###############################


@book{ AudisioChiaraTworcyZjednoczonejEuropy2007,
  author =	 {Audisio, Giuseppe and Chiara, Alberto},
  title =	 {Twórcy Zjednoczonej Europy. Robert Schuman, Konrad
		  Adenauer, Alicide de~Gasperi},
  publisher =	 {Instytut Wydawniczy PAX},
  address =	 {Warszawa},
  year =	 2007,
  edition =	 {{I}},
}






@Comment ###############################
BIOGRAFIE
@Comment ###############################


@book{ CenckiewiczAnnaSolidarnosc2010,
  author =	 {Sławomir Cenckiewicz},
  title =	 {Anna Solidarność. Życie i~działalność Anny
		  Walentynowicz na~tle epoki (1929--2010)},
  publisher =	 {Zysk i~S-ka},
  address =	 {Poznań},
  year =	 2010,
  edition =	 {{I}},
}

@book{ GessenPutinCzlowiekBezTwarzy2012,
  author =	 {Masha Gessen},
  title =	 {Putin. Człowiek bez twarzy},
  publisher =	 {Prószyński i~S-ka},
  address =	 {Warszawa},
  year =	 2012,
  edition =	 {{I}},
}

@book{ NowakJanPawelIIKronikaZyciaIPontyfikatu2015,
  author =	 {Andrzej Nowak},
  title =	 {Jan Paweł~II. Kroniki życia i~pontyfikatu},
  publisher =	 {Wydawnictwo Olesiejuk},
  address =	 {Kraków},
  year =	 2015,
  edition =	 {{I}},
}

@book{ NowakHistoriaIPolityka2016,
  author =	 {Andrzej Nowak},
  title =	 {Historia i~polityka},
  publisher =	 {Biały Kruk},
  address =	 {Kraków},
  year =	 2016,
  edition =	 {{I}},
}

@book{ HistoriaPolskiXIXTomI2013,
  author =	 {Red. Andrzej Nowak},
  title =	 {Historie Polskie w~XIX wieku. Tom~I. Kominy, ludzie
		  i~obłoki: modernizacja i~kultura},
  publisher =	 {Wydawnictwo DiG},
  address =	 {Warszawa},
  year =	 2013,
  edition =	 {{I}},
}

@book{ RoszkowskiNajnowszaHistoriaPolski14-39DatWyd2011,
  author =	 {Wojciech Roszkowski},
  title =	 {Najnowsza historia Polski: 1914--1939},
  publisher =	 {Świat Książki},
  address =	 {Warszawa},
  series =	 {Najnowsza Historia Polski},
  year =	 2011,
  edition =	 {{I}},
}

@book{ RoszkowskiNajnowszaHistoriaPolski39-45Wyd2011,
  author =	 {Wojciech Roszkowski},
  title =	 {Najnowsza historia Polski: 1939--1945},
  publisher =	 {Świat Książki},
  address =	 {Warszawa},
  series =	 {Najnowsza historia Polski},
  year =	 2011,
  edition =	 {{I}},
}

@book{ RoszkowskiNajnowszaHistoriaPolski80-89Wyd2011,
  author =	 {Wojciech Roszkowski},
  title =	 {Najnowsza historia Polski: 1980--1989},
  publisher =	 {Świat Książki},
  address =	 {Warszawa},
  series =	 {Najnowsza historia Polski},
  year =	 2011,
  edition =	 {{I}},
}

@book{ RoszkowskiNajnowszaHistoriaPolski89-11Wyd2011,
  author =	 {Wojciech Roszkowski},
  title =	 {Najnowsza historia Polski: 1989--2011},
  publisher =	 {Świat Książki},
  address =	 {Warszawa},
  series =	 {Najnowsza historia Polski},
  year =	 2011,
  edition =	 {{I}},
}

@book{ SuworowZukowCienZwyciestwa2002,
  author =	 {Wiktor Suworow},
  title =	 {Żukow --~cień zwycięstwa},
  publisher =	 {Wydawnictwo Adamski i~Bieliński},
  year =	 2002,
  edition =	 {{I}},
}





@Comment ###############################
WSPOMNIENIA
@Comment ###############################


@book{ JianCzerwonyPyl2008,
  author =	 {Ma Jian},
  title =	 {Czerwony pył. Droga przez Chiny},
  publisher =	 {Zysk i~S-ka},
  address =	 {Poznań},
  year =	 2008,
  edition =	 {{I}},
  note =	 {Tłum. Jerzy Łoziński na~podstawie przekładu
		  angielskiego Flory Drew},
}





@Comment #############################################################
HISTORIA WSCHODNIEJ EURAZJI
@Comment #############################################################


@book{ GordonNowozytnaHistoriaJaponii2010,
  author =	 {Andrew Gordon},
  title =	 {Nowożytna historia Japonii},
  publisher =	 {Państwowy Instytut Wydawniczy},
  address =	 {Warszawa},
  year =	 2010,
  edition =	 {{I}},
}

@book{ PolitSmutnyKontynent2002,
  author =	 {Jakub Polit},
  title =	 {Smutny kontynent. Z~dziejów Azji wschodniej
		  w~XX~wieku},
  publisher =	 {Wydawnictwo Arcana},
  address =	 {Kraków},
  year =	 2002,
  edition =	 {{I}},
  series =	 {Arkana Historii},
}

@book{ TotmanHistoriaJaponii2009,
  author =	 {Conrad Totman},
  title =	 {Historia Japonii},
  publisher =	 {Wydawnictwo Uniwersytetu Jagiellońskiego},
  address =	 {Kraków},
  year =	 2009,
  edition =	 {{I}},
  note =	 {Tłum. Justyn Hunia},
  series =	 {Ex Oriente},
}





@Comment #############################################################
HISTORIA NAUKI
@Comment #############################################################


@book{ BourbakiElementyHistoriiMatematyki1980,
  author =	 {Nicolas Bourbaki},
  title =	 {Elementy historii matematyki},
  publisher =	 {Państwowe Wydawnictwo Naukowe},
  address =	 {Warszawa},
  year =	 1980,
  edition =	 {{I}},
  note =	 {Tłum. Stanisław Dobrzycki},
}

@book{ BoyerHistoriaRachunkuRozniczkowegoICalkowego1964,
  author =	 {Carl Benjamin Boyer},
  title =	 {Historia rachunku różniczkowego i~całkowego i~rozwój
		  jego pojęć},
  publisher =	 {Państwowe Wydawnictwo Naukowe},
  address =	 {Warszawa},
  year =	 1964,
  edition =	 {{I}},
}

@book{ KrysickiPoczetWielkichMatematykow1989,
  author =	 {Red. Włodzimierz Krysicki},
  title =	 {Poczet wielkich matematyków},
  publisher =	 {Nasza Księgarnia},
  address =	 {{}},
  year =	 1989,
  edition =	 {{}},
}





@Comment #############################################################
ESEJE, WYWIADY I PUBLICYSTYKA
@Comment #############################################################


@book{ NowakOdPolskiDoPostpolityki2010,
  author =	 {Andrzej Nowak},
  title =	 {Od~Polski do~post-polityki. Intelektualna
		  historia zapaści Rzeczpospolitej},
  publisher =	 {Wydawnictwo ARCANA},
  address =	 {Kraków},
  year =	 2010,
  edition =	 {{I}},
  series =	 {Arcana Historii},
}

@book{ NowakStrachyILachy2012,
  author =	 {Andrzej Nowak},
  title =	 {Strachy i~lachy. Przemiany polskiej pamięci
		  1982--2012},
  publisher =	 {Biały Kruk},
  address =	 {Kraków},
  year =	 2012,
  edition =	 {{I}},
}

@book{ NowakUlegloscCzyNiepodleglosc2014,
  author =	 {Andrzej Nowak},
  title =	 {Uległość czy niepodległość},
  publisher =	 {Biały Kruk},
  address =	 {Kraków},
  year =	 2014,
  edition =	 {{I}},
}

@book{ NowakIntelektualnaHistoriaIIIRP2013,
  author =	 {Andrzej Nowak},
  title =	 {Intelektualna historia III RP. Rozmowy z~lat
		  1990--2012},
  publisher =	 {Sic!},
  address =	 {Warszawa},
  year =	 2013,
  edition =	 {{I}},
}





@Comment #############################################################
@Comment #############################################################
ANALIZY KULTUR, ANTROPOLOGIA
@Comment #############################################################
@Comment #############################################################


@book{ HendryJaponczycy2013,
  author =	 {Joy Hendry},
  title =	 {Japończycy. Kultura i~społeczeństwo},
  publisher =	 {Wydawnictwo Uniwersytetu Jagiellońskiego},
  address =	 {Warszawa},
  year =	 2013,
  edition =	 {{I}},
  note =	 {Tłum. Tomasz Tesznar},
  series =	 {Ex Oriente},
}





@Comment #############################################################
@Comment #############################################################
JĘZYKI
@Comment #############################################################
@Comment #############################################################


@Comment #############################################################
JĘZYK POLSKI
@Comment #############################################################


@book{ TittenbrunowieSlownikOrtograficzny1999,
  author =	 {Krystyna i~Mieczysław Tittenbrunowie},
  title =	 {Podręczny słownik ortograficznyc ze~skróconymi
		  zasadami pisowni},
  publisher =	 {KASTOR},
  address =	 {Warszawa},
  year =	 1999,
  edition =	 {{I}},
}





@Comment #############################################################
@Comment #############################################################
EKONOMIA
@Comment #############################################################
@Comment #############################################################


@book{ VaroufakisGlobalnyMinotaur2015,
  author =	 {Yanis Varoufakis},
  title =	 {Globalny Minotaur. Ameryka, Europa i~przyszłość
		  światowej gospodarki},
  publisher =	 {Wydawnictwo Naukowe PWN~SA},
  address =	 {Warszawa},
  year =	 2015,
  edition =	 {{I}},
  note =	 {Tłum. Joanna Bednarek},
}

@book{ VaroufakisASlabiMuszaUlegac2017,
  author =	 {Janis Waroufakis},
  title =	 {A~słabi muszą ulegać? Europa, polityka
		  oszczędnościowa a~zagrożenie dla~globalnej
		  stabilizacji},
  publisher =	 {Wydawnictwo Krytyki Politycznej},
  address =	 {Warszawa},
  year =	 2017,
  edition =	 {{I}},
}





@Comment #############################################################
@Comment #############################################################
ZBIORY ARTYKUŁÓW
@Comment #############################################################
@Comment #############################################################
