@Comment #############################################################
@Comment #############################################################
KLASYKA NAUKI
@Comment #############################################################
@Comment #############################################################



@book{ NewtonMatematyczneZasadyFilozofiiPrzyrody2011,
  author =	 "Isaac Newton",
  title =	 {{Matematyczne zasady filozofii przyrody}},
  publisher =	 {{Copernicus Center Press}},
  address =	 {{Kraków}},
  year =	 2011,
  edition =	 {{I}},
}





@Comment #############################################################
@Comment #############################################################
FIZYKA
@Comment #############################################################
@Comment #############################################################



@Comment ###############################
FIZYKA ELMENTARNA
@Comment ###############################


@book{ FeynmanLeightonSands04,
  author =	 {{R. P. Feynman and R. B. Leighton and M. Sands}},
  title =	 {{Feynman wykłady z~fizyki. Mechanika, szczególna
		  teoria względności}},
  publisher =	 {{Wydawnictwo Naukowe PWN}},
  address =	 {{Warszawa}},
  year =	 2004,
  volume =	 {{I}},
  edition =	 {{V, 1 dodruk}},
}

@book{ JKK73,
  author =	 {{J. Jędrzejewski and W. Kruczek and A. Kujawski}},
  title =	 {{Zbiór zadań z fizyki dla kandydatów na wyższe
		  uczelnie techniczne}},
  publisher =	 {{Wydawnictwo Naukowo\dywiz Techniczne}},
  address =	 {{Warszawa}},
  year =	 1973,
  edition =	 {{I}},
}





@Comment ###############################
MECHANIKA OGÓLNA
@Comment ###############################


@book{ KKR75,
  author =	 "C. Kittel, W. D. Knight and M. A. Ruderman",
  title =	 "Mechanika",
  publisher =	 {{Państwowe Wydawnictwo Naukowe}},
  adress =	 {{Warszawa}},
  year =	 1975,
  edition =	 {{III}},
}

@book{ SiutaMechanikaTechniczna,
  author =	 "W. Siuta",
  title =	 "Mechanika techniczna",
  publisher =	 "Wydawnictwo Szkolne i~Pedagogiczne",
  year =	 {{}},
  edition =	 {{XXVII}},
}

@book{ SkalmierskiMechanika1977,
  author =	 "Bogdan Skalmierski",
  title =	 "Mechanika",
  publisher =	 "Państwowe Wydawnictwo Naukowe",
  year =	 1977,
  edition =	 {{I}},
}

@book{ SkalmierskiMechanikaZWytrzymalosciaMaterialow1983,
  author =	 "Bogdan Skalmierski",
  title =	 {{Mechanika z~wytrzymałością materiałów}},
  publisher =	 "Państwowe Wydawnictwo Naukowe",
  address =	 "Warszawa",
  year =	 1983,
  edition =	 {{II, zmienione}},
}

@book{ SkalmierskiMechanikaZWytrzymalosciaMaterialow1983,
  author =	 "Bogdan Skalmierski",
  title =	 {{Mechanika z~wytrzymałością materiałów}},
  publisher =	 "Państwowe Wydawnictwo Naukowe",
  address =	 "Warszawa",
  year =	 1983,
  edition =	 {{II, zmienione}},
}





@Comment ###############################
MECHANIKA TEORETYCZNA
@Comment ###############################


@book{ ArnoldMetodyMatematyczneMechanikiKlasycznej1981,
  author =	 "Władimir Igoriewicz Arnold",
  title =	 "Metody matematyczne mechaniki klasycznej",
  publisher =	 {{Państwowe Wydawnictwo Naukowe}},
  address =	 "Warszawa",
  year =	 1981,
  edition =	 {{I}},
  note =	 {{Tłum. Piotr Kucharczyk}},
}

@book{ IngardenJamiolkowskiMechanikaKlasyczna1980,
  author =	 "R. S. Ingarden and A. Jamiołkowski",
  title =	 {{Mechanika klasyczna}},
  publisher =	 "Państwowe Wydawnictwo Naukowe",
  address =	 "Warszawa -- Poznań",
  year =	 1980,
  edition =	 {{I}},
}

@book{ KotkinSerbo72,
  author =	 "G. L. Kotkin and W. G. Serbo",
  title =	 {{Zbiór zadań z~mechaniki klasycznej}},
  publisher =	 "Wydawnictwo Naukowo\dywiz Techniczne",
  address =	 "Warszawa",
  year =	 1972,
  edition =	 {{I}},
}

@book{ LandauLifszycMechanika06,
  author =	 "L. D. Landau and J. M. Lifszyc",
  title =	 "Mechanika",
  publisher =	 "Wydawnictwo Naukowe PWN",
  address =	 "Warszawa",
  year =	 2006,
  edition =	 {{IV}},
}

@book{ NejmarkFufajew71,
  author =	 "J. I. Nejmark and N. A. Fufajew",
  title =	 "Dynamika układów nieholonomicznych",
  publisher =	 "Państwowe Wydawnictwo Naukowe",
  address =	 "Warszawa",
  year =	 1971,
  edition =	 {{I}},
}





@Comment ###############################
TERMOSTATYKA, TERMODYNAMIKA I MECHANIKA STATYSTYCZNA
@Comment ###############################


@book{ WerleTermodynamikaFenomenologiczna57,
  author =	 "Józef Werle",
  title =	 {{Termodynamika fenomenologiczna}},
  publisher =	 {{Państwowe Wydawnictwo Naukowe}},
  address =	 "Warszawa",
  year =	 1957,
  edition =	 {{I}},
}

@book{ Walecka11,
  author =	 "John Dirk Walecka",
  title =	 {{Introduction to~Statistical Mechanics}},
  publisher =	 {{World Scientific}},
  address =	 {{New Jersey, London, Singapore, Beijing, Shanghai,
		  Honk Kong, Taipei, Chennai}},
  year =	 2011,
  edition =	 {{I}},
}





@Comment ###############################
OPTYKA
@Comment ###############################


@book{ MeyerArdentWstepDoOptyki77,
  author =	 "J. R. Meyer-Ardent",
  title =	 {{Wstęp do optyki}},
  publisher =	 "Państwowe Wydawnictwo Naukowe",
  address =	 "Warszawa",
  year =	 1977,
  edition =	 {{I}},
}





@Comment ###############################
MECHANIKA KWANTOWA
@Comment ###############################

@book{ HaagLocalQuantumPhysics1996,
  author =	 "Rudolf Haag",
  title =	 {{Local Quantum Physics. Field, Particles, Algebras}},
  publisher =	 {{Springer}},
  address =	 {{Berlin, Heidelberg, New York, Barcelona, Budapest
		  Hong Kong, London, Milan, Paris, Santa Clara,
		  Singapore, Tokyo}},
  year =	 1996,
  edition =	 "Second Revised and~Enlarged Edition",
}

@book{ GrabowskiIngardenMechanikaKwantowa87,
  author =	 "M. Grabowski and R. S. Ingarden",
  title =	 {{Mechanika kwantowa. Ujęcie w przestrzeni Hilberta}},
  publisher =	 {{Państwowe Wydawnictwo Naukowe}},
  address =	 "Warszawa",
  year =	 1987,
  edition =	 {{I}},
}

@book{ SchiffMechanikaKwantowa87,
  author =	 "Leonard I. Schiff",
  title =	 "Mechanika kwantowa",
  publisher =	 {{Państwowe Wydawnictwo Naukowe}},
  address =	 "Warszawa",
  year =	 1987,
  edition =	 {{II}},
}

@book{ ShankarMechanikaKwantowa06,
  author =	 "R. Shankar",
  title =	 "Mechanika kwantowa",
  publisher =	 "Wydawnictwo Naukowe PWN",
  address =	 "Warszawa",
  year =	 2006,
  edition =	 {{I}},
}

@book{ TaylorScatteringTheory1972,
  author =	 "John R.~Taylor",
  title =	 {{Scattering Theory: The~Quantum Theory
		  on~Nonrelativistic Collsions}},
  publisher =	 {{John Wiley \&~Sons,~Inc.}},
  address =	 {{New York, London, Sydney, Toronto}},
  year =	 1972,
}





@Comment ###############################
ELEKTRODYNAMIKA KLASYCZNA
@Comment ###############################


@book{ Griffits01,
  author =	 "D. J. Griffits",
  title =	 "Podstawy elektrodynamiki",
  publisher =	 "Wydawnictwo Naukowe PWN",
  address =	 "Warszawa",
  year =	 2001,
  edition =	 {{I}},
}

@book{ Jackson87,
  author =	 "J. D. Jackson",
  title =	 "Elektrodynamika klasyczna",
  publisher =	 "Państwowe Wydawnictwo Naukowe",
  address =	 "Warszawa",
  year =	 1987,
  edition =	 {{II}},
}

@book{ RohrlichKlasycznaTeoriaCzastekNaladowanych81,
  author =	 "Fritz Rohrlich",
  title =	 "Klasyczna teoria cząstek naładowanych",
  publisher =	 "Państwowe Wydawnictwo Naukowe",
  address =	 "Warszawa",
  year =	 1981,
  edition =	 {{I}},
}





@Comment ###############################
FIZYKA FAZY SKONDENSOWANEJ
@Comment ###############################


@book{ IbachLuthFizykaCialaStalego96,
  author =	 "H. Ibach and H. L\"{u}th",
  title =	 "Fizyka ciała stałego",
  publisher =	 "Wydawnictwo Naukowe PWN",
  address =	 "Warszawa",
  year =	 1996,
  edition =	 {{I}},
}

@book{ Kittel76,
  author =	 "C. Kittel",
  title =	 "Wstęp do fizyki ciała stałego",
  publisher =	 "Państwowe Wydawnictwo Naukowe",
  address =	 "Warszawa",
  edition =	 {{IV}},
  year =	 1976,
}

@book{ SpalekWstepDoFizykiMateriiSkondensowanej15,
  author =	 "Józef Spałek",
  title =	 {{Wstęp do~fizyki materii skondensowanej}},
  publisher =	 {{Wydawnictwo Naukowe PWN}},
  address =	 {{Warszawa}},
  year =	 2015,
  edition =	 {{I}},
}





@Comment ###############################
HYDRODYNAMIKA
@Comment ###############################


@book{ LandauLifszycHydrodynamika94,
  author =	 "L. D. Landau and E. M. Lifszyc",
  title =	 "Hydrodynamika",
  publisher =	 "Wydawnictwo Naukowe PWN",
  address =	 "Warszawa",
  year =	 1994,
  edition =	 {{I}},
}





@Comment ###############################
FIZYKA JĄDROWA
@Comment ###############################


@book{ Strzalkowski97,
  author =	 "Adam Strzałkowski",
  title =	 "Wstęp do fizyki jądra atomowego",
  publisher =	 "Państwowe Wydawnictwo Naukowe",
  volume =	 {{V}},
  series =	 "Biblioteka Fizyki",
  address =	 "Warszawa",
  edition =	 {{III}},
  year =	 1979,
}





@Comment ###############################
FIZYKA STATYSTYCZNA
@Comment ###############################


@book{ HuangMechanikaStatystyczna87,
  author =	 "Kerson Huang",
  title =	 {{Mechanika statystyczna}},
  publisher =	 {{Państwowe Wydawnictwo Naukowe}},
  address =	 {{Warszawa}},
  year =	 1987,
  edition =	 {{II}},
}





@Comment ###############################
OGÓLNA TEORIA WZGLĘDNOŚCI
@Comment ###############################


@booklet{ Carroll97,
  author =	 "S. M. Carroll",
  title =	 {{Lecture Notes on General Relativity}},
  howpublished = "arXiv:gr-qc/9712019",
  year =	 1997,
}

@book{ KopczynskiTrautmanCzasoprzetrzenIGrawitacja84,
  author =	 "Wojciech Kopczyński and Andrzej Trautman",
  title =	 {{Czasoprzestrzeń i~grawitacja}},
  publisher =	 {{Państwowe Wydawnictwo Naukowe}},
  address =	 {{Warszawa}},
  year =	 1984,
  edition =	 {{II}},
}

@book{ Schutz02,
  author =	 "B. F. Schutz",
  title =	 {{Wstęp do~ogólnej teorii względności}},
  publisher =	 {{Wydawnictwo Naukowe PWN}},
  address =	 {{Warszawa}},
  year =	 2002,
  edition =	 {{II}},
}





@Comment ###############################
QFT
@Comment ###############################


@book{ ArodzHadaszFieldTheory10,
  author =	 "Henryk Arodź and Leszek Hadasz",
  title =	 {{Lectures on~Cassical and~Quantum Theory~of Fields}},
  publisher =	 {{Springer}},
  address =	 {{Heidelberg, Dordrecht, London, New York}},
  year =	 2010,
  edition =	 {{I}},
}

@book{ BLPElektordynamikaKwantowa11,
  author =	 {{W. B. Bierestecki and J . M. Lifszyc and L. P.
		  Pitajewski}},
  title =	 {{Elektrodynamika kwantowa}},
  publisher =	 {{Wydawnictwo Naukowe PWN}},
  address =	 {{Warszawa}},
  year =	 2011,
  edition =	 {{II -- zmienione}},
}

@book{ Radovanovic08,
  author =	 "V. Radovanović",
  title =	 {{Kwantowa teoria pola w~zadaniach}},
  publisher =	 "Wydawnictwo Naukowe PWN",
  address =	 "Warszawa",
  year =	 2008,
  edition =	 {{I}},
}

@book{ Schewber05,
  author =	 "Silvan S.~Schweber",
  title =	 {{An Introduction to Relativistic Quantum Field
		  Theory}},
  publisher =	 {{Dover Publications, Inc.}},
  address =	 {{Mineola, New York}},
  year =	 {{2005}},
  edition =	 {{I}},
}

@book{ Steinmann00,
  author =	 "Othmar Steinmann",
  title =	 {{Perturbative Quantum Electrodynamics
  and~Axiomatic Field Theory}},
  publisher =	 {{Springer}},
  address =	 {{Berlin, Heidelberg}},
  year =	 {{2000}},
  edition =	 {{I}},
}

@book{ Weinberg12,
  author =	 "Steven Weinberg",
  title =	 {{Teoria pól kwantowych. Podstawy}},
  publisher =	 "Wydawnictwo Naukowe PWN",
  address =	 "Warszawa",
  year =	 2012,
  volume =	 {{I}},
  edition =	 {{I --~1~dodruk}},
}

@book{ Weinberg99,
  author =	 "Steven Weinberg",
  title =	 {{Teoria pól kwantowych. Nowoczesne zastosowania}},
  publisher =	 "Wydawnictwo Naukowe PWN",
  address =	 "Warszawa",
  year =	 1999,
  volume =	 {{II}},
  edition =	 {{I}},
}





@Comment ###############################
TEORIA STRUN
@Comment ###############################




@Comment ###############################
FIZYKA MATEMATYCZNA
@Comment ###############################


@book{ CourantHilbertMethodOfMathematicalPhysics53,
  author =	 {{Richard Courant and David Hilbert}},
  title =	 {{Methods~of Mathematical Physics}},
  publisher =	 {{Interscience Publishers, INC.}},
  address =	 {{New York}},
  year =	 1953,
}

@book{ GlimmJaffe81,
  author =	 "J. Glimm and A. Jaffe",
  title =	 {{Quantum Physics. A Functional Point of View}},
  publisher =	 "Springer",
  address =	 {{New York Heidelberg Berlin}},
  year =	 1981,
}

@book{ StreaterWightmanPCT00,
  author =	 "Raymond F. Streater and Arthur S. Wightman",
  title =	 {{PCT, Spin and~Statistic, and~All That}},
  publisher =	 "Princton Univeristy Press",
  address =	 {{Princton and~Oxford}},
  year =	 2015,
  edition =	 {{IV}},
}

@book{ MitterPittnerP87,
  author =	 "Editors: H. Mitter and L. Pittner",
  title =	 {{Recent Developments in~Mathematical Physics}},
  publisher =	 "Springer-Verlang",
  address =	 {{Berlin, Heidelberg, New York, London, Paris, Tokyo}},
  year =	 1987,
  edition =	 {{I}},
}

@book{ Thirring85a,
  author =	 "Walter Thirring",
  title =	 {{Fizyka matematyczna. Tom~I: Klasyczne układy
		  dynamiczne.}},
  publisher =	 "Państwowe Wydawnictwo Naukowe",
  address =	 {{Warszawa}},
  year =	 1985,
  volume =	 {{I}},
  edition =	 {{I}},
}

@book{ Thirring85b,
  author =	 "Walter Thirring",
  title =	 {{Fizyka matematyczna. Tom~II: Klasyczna teoria
		  pola.}},
  publisher =	 "Państwowe Wydawnictwo Naukowe",
  address =	 {{Warszawa}},
  year =	 1985,
  volume =	 {{II}},
  edition =	 {{I}},
}

@book{ Thirring86,
  author =	 "Walter Thirring",
  title =	 {{Fizyka matematyczna. Tom~III: Mechanika kwantowa
		  atomów i~cząstek}},
  publisher =	 "Państwowe Wydawnictwo Naukowe",
  address =	 {{Warszawa}},
  year =	 1986,
  volume =	 {{III}},
  edition =	 {{I}},
}

@book{ Thirring87,
  author =	 "Walter Thirring",
  title =	 {{Fizyka matematyczna. Tom~IV: Mechanika kwantowa
		  wielkich układów}},
  publisher =	 "Państwowe Wydawnictwo Naukowe",
  address =	 Warszawa,
  year =	 1987,
  volume =	 {{IV}},
  edition =	 {{I}},
}

@book{ BicadzeKaliniczenko84,
  author =	 "A. W. Bicadze and D. F. Kaliniczenko",
  title =	 "Zbiór zadań z równań fizyki matematycznej",
  publisher =	 "Państwowe Wydawnictwo Naukowe",
  address =	 "Warszawa",
  year =	 1984,
  edition =	 {{I}},
}














@Comment #############################################################
@Comment #############################################################
BIOLOGIA
@Comment #############################################################
@Comment #############################################################


@book{ ZarysMechanizmowEwolucji02,
  author =	 {{H. Krzanowska and A. Łomnicki and J. Rafiński and
		  H. Szarski and J. M. Szymura}},
  title =	 {{Zarys mechanizmów ewolucji}},
  publisher =	 {{Wydawnictwo Naukowe PWN}},
  address =	 {{Warszawa}},
  year =	 2002,
  edition =	 {{III -- zmienione}},
}

@book{ KunickiGoldfingerPodstawBiologiiG80,
  author =	 "Władysław J.~H.~Kunicki\dywiz Goldfinger",
  title =	 {{Podstawy biologii. Od~bakterii do~człowieka}},
  publisher =	 {{Państwowe Wydawnictwo Naukowe}},
  address =	 {{Warszawa}},
  year =	 1980,
  edition =	 {{II}},
}










@Comment #############################################################
@Comment #############################################################
CHEMIA
@Comment #############################################################
@Comment #############################################################


@book{ Pauling59,
  author =	 "L. Pauling",
  title =	 {{Chemia ogólna. Wstęp do chemii opisowej z~zarysem
		  nowoczesnych teorii}},
  publisher =	 "Państwowe Wydawnictwo Naukowe",
  address =	 "Warszawa",
  edition =	 {{I}},
  year =	 1959,
}

@book{ PazdroChemiaDlaKandydatow82,
  author =	 "Krzysztog M. Pazdro",
  title =	 {{Chemia dla kandydatów na~wyższe uczelnie}},
  publisher =	 {{Państwowe Wydawnictwo Naukowe}},
  address =	 {{Warszawa}},
  year =	 1982,
  edition =	 {{II}},
}





@Comment #############################################################
@Comment #############################################################
NAUKI TECHNICZNE
@Comment #############################################################
@Comment #############################################################

@book{ WegrzynInMemoriam12,
  author =	 "Red. Andrzej Kwiecień and~Piotr Gaj",
  title =	 {{Stefan Węgrzyn In Memoriam}},
  publisher =	 {{Silesian University~of Technology Press}},
  address =	 {{Gliwice}},
  year =	 2012,
  edition =	 {{I}},
}

@book{ WegrzynPodstawyAutomatyki80,
  author =	 "Stefan Węgrzyn",
  title =	 {{Podstawy automatyki}},
  publisher =	 {{Państwowe Wydawnictwo Naukowe}},
  address =	 {{Warszawa}},
  year =	 1980,
  edition =	 {{V}},
}





@Comment #############################################################
@Comment #############################################################
TABLICE
@Comment #############################################################
@Comment #############################################################


@book{ WojtowiszTablice4Cyfrowe70,
  author =	 "Władysław Wojtowicz",
  title =	 {{Tablice matematyczno\dywiz fizyczne czterocyfrowe}},
  publisher =	 {{Państwowe Zakłady Wydawnictw Szkolnych}},
  address =	 {{Warszawa}},
  year =	 1970,
  edition =	 {{XXIII}},
  note =	 {{Opracowali Cz. Białobrzeski, Z. Gajewski, E. Rybka
		  i~A.M. Rusiecki}},
}





@Comment #############################################################
@Comment #############################################################
POPULARNONAUKOWE -- NAUKI PRZYRODNICZE
@Comment #############################################################
@Comment #############################################################


@book{ BaryszewTeerikorpiWszechswiat05,
  author =	 "Jurij Baryszew and Pekka Teerikorpi",
  title =	 {{Wszechświat. Poznawanie kosmicznego ładu}},
  publisher =	 {{Wydawnictwo WAM}},
  address =	 {{Kraków}},
  year =	 2005,
  edition =	 {{I}},
  note =	 {{Tłum. Krzysztof Włodarczyk}},
}

@book{ HawkingKrotkaHistoriaCzasu90,
  author =	 "Stephen W.~Hawking",
  title =	 {{Krótka historia czasu. Od Wielkiego Wybuchu
		  do~czarnych dziur}},
  publisher =	 {{Wydawnictwo ,,ALFA''}},
  address =	 {{Warszawa}},
  year =	 1990,
  edition =	 {{I}},
}

@book{ WajnertPrzygodyZMachefim87,
  author =	 "Włodzimierz Wajnert",
  title =	 {{Przygody z~Machefim}},
  publisher =	 {{Wydawnictwo Czasopism i~Książek Technicznych
		  NOT-SIGMA}},
  address =	 {{Warszawa}},
  year =	 1987,
  edition =	 {{I}},
}

@book{ YauNadisGeometriaTeoriiStrun12,
  author =	 "Shing-Tung Yau and Steve Nadis",
  title =	 {{Geometria teorii strun. Ukryte wymiary
		  przestrzeni}},
  publisher =	 {{Prószyński i~S\dywiz ka}},
  address =	 {{Warszawa}},
  year =	 2012,
  edition =	 {{I}},
  note =	 {{Tłum. Bogumił Bieniok i~Ewa L.~Łokas}},
}

























@article{ FredenhagenRejzner12,
  author =	 "K. Fredenhagen and K. Rejzner",
  title =	 {{Perturbative algebraic quantum field theory}},
  year =	 2012,
  archivePrefix ="arXiv",
  eprint =	 "1208.1428v2",
  primaryClass = "hep-th",
  journal =	 {{}},
}

@article{ Herdegen01,
  author =	 "Andrzej Herdegen",
  title =	 {{No-nonsens Casimir force}},
  year =	 2001,
  journal =	 {{Acta Phys.Polon.}},
  volume =	 "B32",
  pages =	 "55--65",
  archivePrefix ="arXiv",
  eprint =	 "0008.207v2",
  primaryClass = "hep-th",
}

@article{ Herdegen06,
  author =	 "Andrzej Herdegen",
  year =	 2006,
  title =	 {{Quantum backreaction (Casimir) effect II. Scalar
		  and electromagnetic fields}},
  journal =	 "Ann. H. Poincare",
  volume =	 7,
  pages =	 {{253--301}},
  archivePrefix ="arXiv",
  eprint =	 "0507.023v1",
  primaryClass = "hep-th",
}

@article{ Keller10,
  author =	 {{K. J. Keller}},
  title =	 {{Dimensional Regularization in Position Space
		  and~a~Forest Formula for Regularized Epstein-Glaser
		  Renormalization}},
  year =	 {{2010}},
  journal =	 {{}},
  archivePrefix ={{arXiv}},
  eprint =	 {{1006.2148v1}},
  primaryClass = {{math-th}},
  note =	 {{PhD thesis}},
}

@article{ Rejzner11,
  author =	 "Katarzyna Rejzner",
  title =	 {{Batalin-Vilkovisky formalism in~locally covariant
		  field theory}},
  journal =	 {{}},
  archivePrefix ={{arXiv}},
  eprint =	 {{1111.5130v2}},
  primaryClass = {{math-th}},
    year =	 {{2011}},
  note =	 {{PhD thesis}},
}





@Comment ###############################
INNE. NIEUPORZĄDKOWANE.
@Comment ###############################


@article{ Chan01,
  author =	 {{H. B. Chan and V. A. Aksyuk and R. N. Kleiman and
		  D. J. Bishop and Federico Capasso}},
  title =	 {{Quantum Mechanical Actuation of
		  Microelectromechanical Systems by the Casimir
		  Force}},
  year =	 2001,
  journal =	 "Science",
  volume =	 297,
  pages =	 1941
}

@article{ Kus12,
  author =	 "P. Kusek",
  year =	 2012,
  title =	 {{Transformacje Bogolubowa w układach kwantowych}},
  journal =	 {{}},
  volume =	 {{}},
  pages =	 {{}},
}

@article{ SWM98,
  author =	 {{F. Michael Serry and Dirk Walliser and G. Jordan
		  Maclay}},
  title =	 {{The role of the casimir effect in the static
		  deflection and stiction of membrane strips in
		  microelectromechanical systems (MEMS)}},
  year =	 1998,
  journal =	 "J. Appl. Phys.",
  volume =	 84,
  pages =	 2501
}

@article{ Sparnaay58,
  author =	 "M. J. Sparnaay",
  title =	 {{Measurements of attractive forces between flat
		  plates}},
  journal =	 "Physica",
  volume =	 24,
  pages =	 {{751--764}},
  year =	 1958,
}





@Comment ###############################
HISTORIA I FILOZOFIA NAUKI
@Comment ###############################


@article{ WalczakCzyMozliwaJest16,
  author =	 "Monika Walczak",
  title =	 {{Czy~możliwa jest wiedza interdyscyplinarna?}},
  journal =	 {{Zagadnienie naukoznawstwa. Kwartalnik}},
  volume =	 {{LII~zeszyt 1~(207)}},
  pages =	 {{113--126}},
  year =	 2016,
}

@article{ WittenEinsteinBergmann14,
  author =	 "E. Witten",
  title =	 {{A Note On Einsten, Bergmann, and the Fifth
		  Dimesion}},
  year =	 2014,
  archivePrefix ="arXiv",
  eprint =	 "1401.8048v1",
  primaryClass = "hist-ph",
  journal =	 {{}},
}





@Comment ###############################
ARTYKUŁY RÓŻNE
@Comment ###############################


@article{ Madela122,
  author =	 "Andrzej Madela",
  title =	 {{W~cieniu Norymbergi. Niemcy Zachodnie lat
		  1945--1955 wobec denazyfikacji}},
  journal =	 "ARCANA",
  volume =	 122,
  pages =	 {{74--92}},
  year =	 2015,
}

@article{ Tisonczyk123,
  author =	 "Tomasz Tisończyk",
  title =	 {{\emph{Haiku} na~zaliczenie}},
  year =	 2015,
  journal =	 "ARCANA",
  volume =	 123,
  pages =	 {{180--186}},
}

@article{ Zachenter124,
  author =	 "Anna Zachenter",
  title =	 {{Wrzesień 1939 roku w~oczach współczesnych Niemców}},
  journal =	 "ARCANA",
  volume =	 124,
  pages =	 {{54--64}},
  year =	 2015,
}

@article{ AKarc124,
  author =	 "Agnieszka Kurnik",
  title =	 {{,,Gra resztkami'' jako substytut kultury}},
  journal =	 "ARCANA",
  volume =	 124,
  pages =	 {{102--112}},
  year =	 2015,
}

@article{ Gruchala125,
  author =	 "Wojciech Gruchała",
  title =	 {{Kiedy przestaliśmy czytać Żeromskiego?}},
  year =	 2015,
  journal =	 "ARCANA",
  volume =	 125,
  pages =	 {{18--30}},
}

@article{ Gabis125,
  author =	 "Tomasz Gabiś",
  title =	 {{Powitajmy uchodźców z~Europy Zachodniej!}},
  year =	 2015,
  journal =	 "ARCANA",
  volume =	 125,
  pages =	 {{52--63}},
}

@article{ Tolczyk125,
  author =	 "Dariusz Tołczyk",
  title =	 {{Dlaczego Sołżenicyn? Spóźnione odkrycie Gułagu
		  na~Zachodzie.}},
  journal =	 "ARCANA",
  volume =	 125,
  pages =	 {{111--136}},
  year =	 2015,
}
