@Comment #############################################################
@Comment #############################################################
@Comment Algebraic QFT. Articles
@Comment #############################################################
@Comment #############################################################


@online{ Buchholz-Fredenhagen-Algebraic-quantum-field-ETC-Pub-2023,
  author =	 {Detlev Buchholz and Kalus Fredenhagen},
  title =	 {Algebraic quantum field theory: objectives, methods,
                  and results},
  year =	 2023,
  doi =		 {https://doi.org/10.48550/arXiv.2305.12923},
  archivePrefix ={arXiv},
  eprint =	 2305.12923,
  primaryClass = {math-ph},
}



@online{ Fewster-Rejzner-Algebraic-Quantum-Field-Theory-Pub-2019,
  author =	 {Christopher J.~Fewster and Kasia Rejzner},
  title =	 {Algebraic Quantum Field Theory -- an~introduction},
  year =	 2019,
  doi =		 {https://doi.org/10.48550/arXiv.1904.04051},
  archivePrefix ={arXiv},
  eprint =	 {1904.04051},
  primaryClass = {hep-th},
}



@online{ Fredenhagen-Rejzner-Perturbative-Algebraic-ETC-Pub-2012,
  author =	 {Klaus Fredenhagen and Katarzyna Rejzne},
  title =	 {Perturbative algebraic quantum field theory},
  year =	 2012,
  archivePrefix ={arXiv},
  eprint =	 {1208.1428},
  primaryClass = {math-ph},
}



@article{ Haag-Local-Qunatum-Physics-and-Models-Pub-1993,
  author =	 {Rudolf Haag},
  title =	 {Local Quantum Physics and Models},
  journal =	 {Commun. Math. Phys.},
  year =	 1993,
  volume =	 155,
  pages =	 {199-204},
}



@article{ Haag-An-evolutionary-picture-for-quantum-physics-Pub-1996,
  author =	 {Rudolf Haag},
  title =	 {An evolutionary picture for quantum physics},
  journal =	 {Commun. Math. Phys.},
  year =	 1996,
  volume =	 180,
  pages =	 {733--743},
  doi =		 {https://doi.org/10.1007/BF02099630},
  archivePrefix ={arXiv},
  eprint =	 {arXiv:hep-th/0001006},
  primaryClass = {hep-ph},
}



@inbook{ Haag-Questions-in-quantum-physics-ETC-Pub-2000,
  author =	 {Rudolf Haag},
  title =	 {Mathematical Physics 2000},
  chapter =	 {Questions in~quantum physics: a~personal view},
  publisher =	 {Published by Imperial College Press and distributed
                  by World Scientific Publishing Co.},
  year =	 2000,
  pages =	 {87--100},
  doi =		 {https://doi.org/10.1142/9781848160224_0005},
  archivePrefix ={arXiv},
  eprint =	 0001006,
  primaryClass = {hep-ph},
}



@online{ Haag-On-the-Sharpness-of-Localization-ETC-Pub-2013,
  author =	 {Rudolf Haag},
  title =	 {On the~Sharpness~of Localization~of Individual
                  Events in~Space and~Time},
  year =	 2013,
  doi =		 {https://doi.org/10.48550/arXiv.1303.6431},
  archivePrefix ={arXiv},
  eprint =	 {arXiv:1303.6431},
  primaryClass = {quant-ph},
}



@online{ Haag-On-Quantum-Theory-Pub-2016,
  author =	 {Rudolf Haag},
  title =	 {On~Quantum Theory},
  year =	 2016,
  doi =		 {https://doi.org/10.48550/arXiv.1602.05426},
  archivePrefix ={arXiv},
  eprint =	 {arXiv:1602.05426},
  primaryClass = {quant-ph},
}



@phdthesis{ Keller-Dimensional-Regularization-Position-ETC-Pub-2010,
  author =	 {Kai Johannes Keller},
  title =	 {Dimensional Regularization in Position Space
                  and~a~Forest Formula for Regularized Epstein-Glaser
                  Renormalization},
  school =	 {University of Hamburg},
  year =	 2010,
  archivePrefix ={arXiv},
  eprint =	 {1006.2148},
  primaryClass = {math-ph},
  note =	 {ArXiv e-prints},
}



@article{ Meusburger-Rehren-Algebraic-Quantization-of-ETC-Pub-2003,
  author =	 {Catherine Meusburger and Karl-Henning Rehren},
  title =	 {Algebraic Qunatization~of the~Closed Bosonic String},
  journal =	 {Communications in Mathematical Physics},
  year =	 2003,
  doi =		 {https://doi.org/10.1007/s00220-003-0816-6},
  archivePrefix ={arXiv},
  eprint =	 2305.12923,
  primaryClass = {math-ph},
}



@article{ Pohlmeyer-Rehren-Algebraic-properties-of-ETC-Pub-1986,
  author =	 {K.~Pohlmeyer and K.-H.~Rehren},
  title =	 {Algebraic properties~of the~invariant charges~of
                  the~Nambu-Goto theory},
  journal =	 {Communications in Mathematical Physics},
  year =	 1986,
  volume =	 105,
  number =	 4,
  pages =	 {593--627},
}



@article{ Mund-Rehren-Schroer-Infraparticle-quantum-fiels-ETC-Pub-2022,
  author =	 {J. Mund and K.-H. Rehren and B. Schroer},
  title =	 {Infraparticle quantum fields and the~formation~of
                  photon clouds},
  journal =	 {J.~High Energ. Phys},
  year =	 2022,
  volume =	 83,
  issue =	 4,
  pages =	 {1029-8479},
  doi =		 {https://doi.org/10.1007/JHEP04(2022)083},
  archivePrefix ={arXiv},
  eprint =	 2109.10342,
  primaryClass = {hep-th},
}



@article{ Pohlmeyer-Rehren-The-ivariant-charges-of-ETC-Pub-1988,
  author =	 {K.~Pohlmeyer and K.-H.~Rehren},
  title =	 {The~invariant charges~of the~Nambu-Goto theory:
                  their geometric origin and their completeness},
  journal =	 {Communications in Mathematical Physics},
  year =	 1988,
  volume =	 114,
  number =	 2,
  pages =	 {177--186},
}



@phdthesis{ Rejzner-Batalin-Vilkovisky-in-locally-covariant-ETC-Pub-2011,
  author =	 {Katarzyna Anna Rejzner},
  title =	 {Batalin-Vilkovisky formalism in~locally covariant
                  field theory},
  school =	 {University of Hamburg},
  year =	 2011,
  archivePrefix ={arXiv},
  eprint =	 {1111.5130},
  primaryClass = {math-ph},
  note =	 {PhD thesis},
}



@online{ Schroer-Rudolf-Haags-Legacy-ETC-Pub-2016,
  author =	 {Bert Schroer},
  title =	 {Rudolf Haag's legacy of Local Quantum Physics and
                  reminiscences about a~cherish teacher and friend},
  year =	 2016,
  doi =		 {https://doi.org/10.48550/arXiv.1612.00003},
  archivePrefix ={arXiv},
  eprint =	 1612.00003,
  primaryClass = {math-ph},
}










@Comment #############################################################
@Comment Algebraic QFT and general relativity
@Comment #############################################################


@article{ Brunetti-Fredenhagen-Microlocal-Analysis-and-ETC-Pub-2000,
  author =	 {Romeo Brunetti and Klaus Fredenhagen},
  title =	 {Microlocal Analysis and Interacting Quantum Field
                  Theories: Renormalization on Physical Backgrounds},
  journal =	 {Commun. Math. Phys.},
  year =	 2000,
  volume =	 208,
  pages =	 {623--661},
  archivePrefix =arXiv,
  eprint =	 {9903.028v1},
  primaryClass = {math-ph},
}



@article{ Brunetti-Fredenhagen-Verch-The-Generally-ETC-Pub-2003,
  author =	 {Romeo Brunetti nad Klaus Fredenhagen and Rainer
                  Verch},
  title =	 {The~Generally Covariant Locality Principle~-- A~New
                  Paradigm for Local Quantum Field Theory},
  year =	 2003,
  journal =	 {Commun. Math. Phys.},
  volume =	 237,
  pages =	 {31-68},
  doi =		 {https://doi.org/10.1007/s00220-003-0815-7},
  archivePrefix ={arXiv},
  eprint =	 {0112.041v1},
  primaryClass = {math-ph},
}



@article{ Brunetti-Fredenhagen-Quantum-Field-Theory-On-ETC-Pub-2009,
  author =	 {R. Brunetti and K. Fredenhagen},
  title =	 {Quantum Field Theory on Curved Backgrounds},
  journal =	 {{}},
  year =	 2009,
  archivePrefix ={arXiv},
  eprint =	 {0901.2063},
  primaryClass = {gr-qc},
}



@article{ Brunetti-Fredenhagen-Rejzner-Quantum-Gravity-from-ETC-Pub-2016,
  author =	 {Romeo Brunetti and Klaus Fredenhagen and~Katarzyna
                  Rejzner},
  title =	 {Quantum Gravity from the~Point~of View~of Locally
                  Covariant Quantum Field Theory},
  journal =	 {Commun. Math. Phys.},
  year =	 2016,
  volume =	 345,
  issue =	 3,
  pages =	 {741--779},
  doi =		 {10.1007/s00220-016-2676-x},
  archivePrefix ={arXiv},
  eprint =	 {1306.1058},
  primaryClass = {math-ph},
}



@article{ Collini-Moretti-Pinamonti-Tunelling-Black-Hole-ETC-Pub-2014,
  author =	 {Giovanni Collini and Valter Moretti and Nicola Pinamonti},
  year =	 2014,
  title =	 {``Tunnelling'' Black Hole Radiation with $\phi^{ 3
		  }$ Self-Interaction: One-Loop Computation
		  for~Rindler Killing Horizons},
  journal =	 {Letters in~Mathematical Physics},
  volume =	 104,
  issue =	 2,
  pages =	 {217--232},
  doi =		 {10.1007/s11005-013-0663-0},
  archivePrefix ={arXiv},
  eprint =	 {1302.5253v5},
  primaryClass = {gr-qc},
}



@article{ Dimock-Algebras-of-local-observables-on-a-manifold-Pub-1980,
  author =	 {Jonathan Dimock},
  title =	 {Algebras~of local observables on~a~manifold},
  journal =	 {Commun. Math. Phys.},
  year =	 1980,
  volume =	 77,
  pages =	 {219--228},
}



@InProceedings{ Fewster-A-Generally-Covariant-Measurment-ETC-Pub-2020,
  author =	 {Christopher J. Fewster},
  editor =	 {Felix Finster and Domenico Giulini and Johannes
                  Kleiner and J{\"u}rgen Tolksdorf},
  title =	 {A Generally Covariant Measurement Scheme for Quantum
                  Field Theory in Curved Spacetimes},
  booktitle =	 {Progress and Visions in Quantum Theory in View of
                  Gravity},
  publisher =	 {Springer International Publishing},
  year =	 2020,
  address =	 {Cham},
  pages =	 {253--268},
  isbn =	 {978-3-030-38941-3},
  doi =		 {https://doi.org/10.1007/978-3-030-38941-3_11},
  archivePrefix ={arXiv},
  eprint =	 1904.06944,
  primaryClass = {gr-qc},
}



@article{ Fredenhagen-Haag-On-the-derivation-of-Hawking-ETC-Pub-1990,
  author =	 {Klaus Fredenhagen and Rudolf Haag},
  title =	 {On~the~derivation~of Hawking radiation associated
                  with the~formation~of a~black hole},
  journal =	 {Communications in Mathematical Physics},
  year =	 1990,
  month =	 {Feb},
  volume =	 127,
  pages =	 {273--284},
  doi =		 {10.1007/BF02096757},
}



@article{ Holland-Renormalized-Quantum-Yang-Mills-Fields-ETC-Pub-2008,
  author =	 {Stefan Hollands},
  title =	 {Renormalized Quantum Yang-Mills Fields in~Curved
                  Spacetime},
  journal =	 {Rev. Math. Phys.},
  year =	 2008,
  volume =	 20,
  pages =	 {1033-1172},
  doi =		 {10.1142/S0129055X08003420},
  archivePrefix ={arXiv},
  eprint =	 {0705.3340},
  primaryClass = {gr-qc},
}



@article{ Moretti-Pinamonti-State-independence-for-ETC-Pub-2012,
  author =	 {Valter Moretti and Nicola Pinamonti},
  title =	 {State independence for~tunnelling processes through
                  black hole horizons and~Hawking radiation},
  journal =	 {Communications in Mathematical Physics},
  year =	 2012,
  volume =	 309,
  issue =	 2,
  pages =	 {295--311},
  doi =		 {10.1007/s00220-011-1369-8},
  archivePrefix ={arXiv},
  eprint =	 {1011.2994},
  primaryClass = {gr-qc},
}










@Comment #############################################################
@Comment Algebraic quantum electrodynamics
@Comment #############################################################


@article{ Buchholz-The-Physical-State-Space-Of-Quantum-ETC-Pub-1982,
  author =	 {Detlev Buchholz},
  title =	 {The Physical State Space~of Quantum Electrodynamics},
  journal =	 {Commun. Math. Phys.},
  year =	 1982,
  volume =	 85,
  pages =	 {49--71},
  doi =		 {https://doi.org/10.1007/BF02029133},
}



@article{ Herdegen-Asymptotic-algebra-of-quantum-ETC-Pub-2005,
  author =	 {Andrzej Herdegen},
  title =	 {Asymptotic algebra~of quantum electrodynamics},
  journal =	 {Acta Phys. Polon.~B},
  year =	 2005,
  volume =	 36,
  issue =	 1,
  pages =	 {35--58},
  archivePrefix ={arXiv},
  eprint =	 0412058,
  primaryClass = {hep-th},
}



@article{ Herdegen-Infraparticle-problem-asymptotic-ETC-Pub-2014,
  author =	 {Andrzej Herdegen},
  title =	 {Infraparticle problem, asymptotic fields
                  and~Haag-Ruelle theory},
  journal =	 {Ann. Henri Poincar{\'{e}}},
  year =	 2014,
  volume =	 15,
  pages =	 345,
  doi =		 {https://doi.org/10.1007/s00023-013-0242-z},
  archivePrefix ={arXiv},
  eprint =	 {1210.1731},
  primaryClass = {math-ph},
}



@article{ Herdegen-Asymptotic-structure-of-electrodynamics-ETC-Pub-2017,
  author =	 {Andrzej Herdegen},
  title =	 {Asymptotic structure~of electrodynamics revisited},
  journal =	 {Lett. Math. Phys.},
  year =	 2017,
  volume =	 107,
  pages =	 1439,
  doi =		 {10.1007/s11005-017-0948-9},
  archivePrefix ={arXiv},
  eprint =	 {1604.04170v3},
  primaryClass = {hep-th},
}



@article{ Herdegen-Semidirect-product-of-CCR-and-CAR-algebras-ETC-Pub-1998,
  author =	 {Andrzej Herdegen},
  title =	 {Semidirect product~of CCR and~CAR algebras and
                  asymptotic states in~quantum electrodynamics},
  journal =	 {J.~Math. Phys},
  year =	 1998,
  volume =	 39,
  pages =	 {1788--1817},
  doi =		 {https://doi.org/10.1063/1.532264},
  archivePrefix ={arXiv},
  eprint =	 {9811066},
  primaryClass = {hep-th},
}



@online{ Schroer-A-note-on-Infraparticles-and-Unparticles-Pub-2008,
  author =	 {Bert Schroer},
  title =	 {A~note on~Infraparticles and~Unparticles},
  year =	 2008,
  doi =		 {https://doi.org/10.48550/arXiv.0804.3563},
  archivePrefix ={arXiv},
  eprint =	 0804.3563,
  primaryClass = {hep-ph},
}










@Comment #############################################################
@Comment Perturbative AQFT
@Comment #############################################################


@article{ Brunetti-Dutch-Fredenhagen-Pertubative-algebraic-ETC-Pub-2009,
  author =	 {R. Brunetti and M. D\"{u}tsch and K. Fredenhagen},
  title =	 {Perturbative algebraic quantum field theory and
                  the~renormalization groups},
  journal =	 {Adv. Theor. Math. Phys},
  year =	 2009,
  volume =	 13,
  pages =	 {1541--1599},
  doi =		 {10.4310/ATMP.2009.v13.n5.a7},
  archivePrefix ={arXiv},
  eprint =	 {0901.2038},
  primaryClass = {math-th},
}
