@Comment #############################################################
@Comment #############################################################
@Comment Mathematical physics. Netography
@Comment#############################################################
@Comment#############################################################



@Comment #############################################################
@Comment Mathematical field theory and other disciplines
@Comment #############################################################


@online{ Gubinelli-What-is-stochastic-quanstization-ETC-Ver-2022,
  author =	 {Massimiliano Gubinelli},
  title =	 {What is~stochastic quantization? (May 12, 2022)},
  year =	 2022,
  url =		 {https://www.youtube.com/watch?v=4EMqMfKIgak},
  urldate =	 {2024-09-29},
  note =	 {Analysis, Quantum Fields, and Probablity},
}



@online{ Hairer-Bridging-Scales-ETC-Ver-2018,
  author =	 {Martin Hairer},
  title =	 {New Frontiers in~Mathematics: Professor Martin
                  Hairer "Bridging Scales"},
  year =	 2018,
  url =		 {https://www.youtube.com/watch?v=4EMqMfKIgak},
  urldate =	 {2024-09-29},
  note =	 {Imperial College London},
}



@online{ Hairer-Stochastic-Quantisation-of-Yang-Mills-Ver-2023,
  author =	 {Martin Hairer},
  title =	 {Stochastic Quantisation~of Yang-Mills},
  year =	 2023,
  url =		 {https://www.youtube.com/watch?v=2bngzq2ZZXY},
  urldate =	 {2024-11-20},
  note =	 {Hausdorff Center for Mathematics},
}



@online{ Hairer-Stochastic-quantisation-of-Yang-Mills-Ver-2019,
  author =	 {Martin Hairer},
  title =	 {Stochastic quantisation~of Yang-Mills},
  year =	 2019,
  url =		 {https://www.youtube.com/watch?v=1U-Xyc_itoU},
  urldate =	 {2024-11-05},
  note =	 {Stanford Research Talks},
}



@online{ Hairer-Stochastic-Quantisation-of-Non-Abelian-ETC-Ver-2019,
  author =	 {Martin Hairer},
  title =	 {Stochastic Quantisation~of Non-Abelian Yang-Mills},
  year =	 2019,
  url =		 {https://www.youtube.com/watch?v=Um8o5ROGtBM},
  urldate =	 {2024-09-28},
  note =	 {Hausdorff Center for Mathematics},
}



@online{ Hairer-Taming-Infinities-G-Reaserach-ETC-Ver-2021,
  author =	 {Martin Hairer},
  title =	 {Taming Infinities},
  year =	 2021,
  url =		 {https://www.youtube.com/watch?v=gCIt7N3pc1w},
  urldate =	 {2024-09-29},
  note =	 {G-Reaserach},
}










@Comment #############################################################
@Comment Mathematical QFT
@Comment #############################################################


@online{ Duch-Flow-equation-approach-to-singular-ETC-Ver-2022,
  author =	 {Paweł Duch},
  title =	 {Flow equation approach to~singular stochastic PDEs},
  year =	 2022,
  url =		 {https://www.youtube.com/watch?v=fuS1DPThwwU},
  urldate =	 {2024-08-20},
  note =	 {IAMP Seminars},
}



@online{ Dybalski-Interacting-massless-excitations-ETC-Ver-2022,
  author =	 {Wojciech Dybalski},
  title =	 {Interacting massless excitations in $1 + 1$
                  dimensional QFT},
  year =	 2022,
  url =		 {https://www.youtube.com/watch?v=iiueQ7UtWJ},
  urldate =	 {2024-07-11},
}



@online{ Dybalski-Matematyczne-aspekty-kwantowej-teorii-pola-Ver-2024,
  author =	 {Wojciech Dybalski},
  title =	 {Matematyczne aspekty kwantowej teorii pola},
  year =	 2024,
  url =		 {https://www.youtube.com/watch?v=pVce5cto2tU},
  urldate =	 {2024-07-20},
}










@Comment #############################################################
@Comment Quantum mechanics
@Comment #############################################################


@online{ Derezinski-Dirac-Coulomb-hamiltonians-Ver-2022,
  author =	 {Jan Dereziński},
  title =	 {Dirac-Coulomb hamiltonians},
  year =	 2022,
  url =		 {https://www.youtube.com/watch?v=z1m5qTrdAt4},
  urldate =	 {2024-07-20},
}
