@Comment #############################################################
@Comment #############################################################
@Comment Mathematical physics, articles
@Comment #############################################################
@Comment #############################################################



@Comment #############################################################
@Comment Mathematical field theory and other disciplines
@Comment #############################################################


@article{ Chandra-et-al-Stochastic-quantisation-of-Yang-Mills-ETC-Pub-2024,
  author =	 {Ajay Changra and Ilya Chevyrev and Martin Hairer and
                  Hao Shen},
  title =	 {Stochastic quantisation~of Yang-Mills-Higgs in~3D},
  journal =	 {Inventiones mathematicae},
  year =	 2024,
  volume =	 237,
  issue =	 2,
  pages =	 {541--696},
  doi =		 {https://doi.org/10.1007/s00222-024-01264-2},
  archivePrefix ={arXiv},
  eprint =	 2201.03487,
  primaryClass = {math.PR},
}










@Comment #############################################################
@Comment Mathematical quantum mechanics
@Comment #############################################################


@article{ Derezinski-Ruba-Holomorphic-Family-of-ETC-2024,
  author =	 {Jan Dereziński and Błażej Ruba},
  title =	 {Holomorphic Family~of Dirac-Coulomb Hamiltonian
                  in~Arbitrary Dimension},
  journal =	 {Ann. Henri Poincar\'{e}},
  year =	 2024,
  volume =	 25,
  pages =	 {347--424},
  doi =		 {https://doi.org/10.1007/s00023-022-01221-w},
  archivePrefix ={arXiv},
  eprint =	 2107.0785,
  primaryClass = {math-ph},
}



@article{ Kato-Fundamental-Properties-of-Hamiltonian-Operators-ETC-1951,
  author =	 {Tosio Kato},
  title =	 {Fundamental Properties~of Hamiltonian Operators~of
                  Schr{\"o}dinger Type},
  journal =	 {Transactions of the~American Mathematical Society},
  publisher =	 {American Mathematical Society},
  year =	 1951,
  volume =	 70,
  number =	 2,
  pages =	 {195--211},
  doi =		 {https://doi.org/10.2307/1990366},
}










@Comment #############################################################
@Comment Mathematical QFT
@Comment #############################################################


@online{ Herdegen-Infrared-structure-beyond-locality-Ver-ETC-2024,
  author =	 {Andrzej Herdegen},
  title =	 {Infrared structure beyond locality in~electrodynamics},
  year =	 2024,
  doi =		 {https://doi.org/10.48550/arXiv.2403.09234},
  url =		 {https://arxiv.org/abs/2403.09234},
  urldate =	 {2024-12-23},
  archivePrefix ={arXiv},
  eprint =	 {2403.09234},
  primaryClass = {math-ph},
}










@Comment #########################################
@Comment Mathematical perturbations theory in QFT
@Comment #########################################


@article{ Duch-Infrared-problem-in-perturbative-quantum-ETC-Pub-2021,
  author =	 {Paweł Duch},
  title =	 {Infrared probem in~perturbative quantum field
                  theory},
  journal =	 {Reviews in Mathematical Physics},
  year =	 2021,
  volume =	 33,
  number =	 10,
  pages =	 2150032,
  doi =		 {10.1142/S0129055X2150032X},
  url =		 {https://doi.org/10.1142/S0129055X2150032X},
  archivePrefix ={arXiv},
  eprint =	 1906.00940,
  primaryClass = {math-ph},
}









@Comment #########################################
@Comment Bogoliubov-Epstein-Glaser renormalisation
@Comment #########################################


@article{ Bergbauer-Kreimer-The-Hopf-Algebra-of-Rooted-ETC-Pub-2005,
  author =	 {Christoph Bergbauer and Dirk Kreimer},
  title =	 {The~Hopf Algebra~of Rooted Trees in~Epstein-Glaser
                  Renormalization},
  journal =	 {Ann. Henri Proincar{\'{e}}},
  year =	 2005,
  volume =	 6,
  pages =	 {343-367},
  doi =		 {https://doi.org/10.1007/s00023-005-0210-3},
  archivePrefix ={arXiv},
  eprint =	 0403207,
  primaryClass = {hep-th},
}



@article{ Bufalo-et-al-The-Epstain-Glaser-causal-ETC-Part-I-2014,
  author =	 {R. Bufalo, B.~M. Pimentel and D.~E. Soto},
  title =	 {The Epstein-Glaser causal approach to
		  the~Light-Front QED$_{ 4 }$. I:~Free theory},
  journal =	 {Annals of Physics},
  year =	 2014,
  volume =	 351,
  pages =	 1034,
  doi =		 {10.1016/j.aop.2014.08.004},
  archivePrefix ={arXiv},
  eprint =	 {1405.1896},
  primaryClass = {hep-th},
}



@article{ Gracia-Bondia-Improved-Epstein-Glaser-Part-I-2002,
  author =	 {Jose M. Gracia-Bondia},
  title =	 {Improved Epstein-Glaser renormalization
                  in~coordinate space~I. Euclidean framework},
  journal =	 {Math. Phys. Anal. Geom.},
  year =	 2003,
  volume =	 6,
  pages =	 {59--88},
  archivePrefix ={arXiv},
  eprint =	 0202023,
  primaryClass = {hep-th},
}



@article{ Lange-The-Epstein-Glaser-approach-to-pQFT-ETC-2005,
  author =	 {Alexander Lange},
  title =	 {The~Epstein-Glaser approach to~pQFT: graphs and~Hopf
		  algebras},
  journal =	 {J. Math. Phys.},
  year =	 2001,
  volume =	 46,
  pages =	 062304,
  doi =		 {10.1063/1.1893215},
  archivePrefix ={arXiv},
  eprint =	 0403246,
  primaryClass = {hep-th},
}



@article{ Witten-Quantum-Field-Theory-and-Jones-Polynomial-Pub-1989,
  author =	 {Edward Witten},
  title =	 {Quantum Field Theory and the~Jones Polynomial},
  journal =	 {Commun. Math. Phys.},
  year =	 1989,
  volume =	 121,
  pages =	 {351-399},
  url =		 {https://projecteuclid.org/euclid.cmp/1104178138},
}



@online{ Summers-Prespective-on-Constructive-ETC-Pub-2016,
  author =	 {Stephen J. Summers},
  title =	 {A~Perspective on~Constructive Quantum Field Theory},
  year =	 2016,
  doi =		 {https://doi.org/10.48550/arXiv.1203.3991},
  url =		 {https://arxiv.org/abs/1203.3991},
  urldate =	 {27-VII-2024},
  archivePrefix ={arXiv},
  eprint =	 {1203.3991},
  primaryClass = {math-ph},
  note =	 {ArXiv e-prints},
}










@Comment #########################################
@Comment Mathematical quantum electrodynamics
@Comment #########################################


@online{ Duch-Dybalski-Infrared-problem-in-quantum-electrodynamics-Pub-2023,
  author =	 {Paweł Duch and Wojciech Dybalsk},
  title =	 {Infrared problem in quantum electrodynamics},
  year =	 2023,
  doi =		 {https://doi.org/10.48550/arXiv.2307.06114},
  archivePrefix ={arXiv},
  eprint =	 2307.06114,
  primaryClass = {math-ph},
}










@Comment #########################################
@Comment QFT and cathegory theory
@Comment #########################################


@phdthesis{ Bertlett-Categorical-Aspects-of-Topological-Quantum-ETC-Ver-2005,
  author =	 {Bruce Bertlett},
  title =	 {Categorical Aspects~of Topological Quantum Field
                  Theories},
  school =	 {Utrecht University},
  year =	 2005,
  doi =		 {https://doi.org/10.48550/arXiv.math/0512103},
  archivePrefix ={arXiv},
  eprint =	 0512103,
  primaryClass = {math.QA},
  note =	 {ArXiv e-prints},
}
