@Comment #############################################################
@Comment #############################################################
@Comment Mathematical physics, online resources
@Comment#############################################################
@Comment#############################################################



@Comment #############################################################
@Comment Mathematical field theory and other disciplines
@Comment #############################################################










@Comment #############################################################
@Comment Mathematical QFT
@Comment #############################################################


@online{ Dybalski-Interacting-massless-ETC-Ver-2022,
  author =	 {Wojciech Dybalski},
  title =	 {Interacting massless excitations in 1+1 dimensional QFT},
  year =	 2022,
  url =		 {https://www.youtube.com/watch?v=iiueQ7UtWJ},
  urldate =	 {11-VII-2024},
}



@online{ Dybalski-Matematyczne-aspekty-kwantowej-teorii-pola-Ver-2024,
  author =	 {Wojciech Dybalski},
  title =	 {Matematyczne aspekty kwantowej teorii pola},
  year =	 2024,
  url =		 {https://www.youtube.com/watch?v=pVce5cto2tU},
  urldate =	 {20-VII-2024},
}






@Comment #############################################################
@Comment Quantum mechanics
@Comment #############################################################


@online{ Derezinski-Dirac-Coulomb-hamiltonians-Ver-2022,
  author =	 {Jan Derezi≈Ñski},
  title =	 {Dirac-Coulomb hamiltonians},
  year =	 2022,
  url =		 {https://www.youtube.com/watch?v=z1m5qTrdAt4},
  urldate =	 {20-VII-2024},
}
