@Comment #############################################################
@Comment #############################################################
@Comment Works about people important to the Holy Faith, books
@Comment #############################################################
@Comment #############################################################


@Comment #############################################################
@Comment Works on the life and thought of people important
@Comment to the Holy Faith
@Comment #############################################################


@Comment ###############################
@Comment Worka about the people living in II and III centuries after Christ
@Comment ###############################


@book{ Pietras-Orygenes-Pub-2001,
  author =	 {Henryk Pietras SJ},
  title =	 {Orygenes},
  publisher =	 {Wydawnictwo WAM},
  address =	 {Kraków},
  year =	 2001,
  edition =	 {I},
  series =	 {Wielcy Ludzie Kościoła},
}










@Comment ###############################
@Comment Works about the people living in XVI and XVII centuries after Christ
@Comment ###############################


@book{ Konior-Matteo-Ricci-Pub-2013,
  author =	 {Jan Koniro SJ},
  title =	 {Matteo Ricci},
  publisher =	 {Wydawnictwo WAM},
  address =	 {Kraków},
  year =	 2013,
  edition =	 {I},
  series =	 {Wielcy Ludzie Kościoła},
}










@Comment ###############################
@Comment Works about the people living in XIX and XX centuries after Christ
@Comment ###############################


@book{ Guerriero-Hans-Urs-von-Balthasar-Monografia-Pub-2004,
  author =	 {Elio Guerriero},
  title =	 {Hans Urv von Balthasar. Monografia},
  publisher =	 {Wydawnictwo M},
  address =	 {Kraków},
  year =	 2004,
  edition =	 {I},
  note =	 {Tłum. Monika Rodkiewicz},
}



@book{ Kowalczyk-Karl-Rahner-Pub-2001,
  author =	 {Dariusz Kowalczyk SJ},
  title =	 {Karl Rahner},
  publisher =	 {Wydawnictwo WAM},
  address =	 {Kraków},
  year =	 2001,
  edition =	 {I},
  series =	 {Wielcy Ludzie Kościoła},
}



@book{ Piotrowski-Hans-Urs-von-Balthasar-Pub-2005,
  author =	 {Ks.~Eligiusz Piotrowski},
  title =	 {Hans Urs von~Balthasar},
  publisher =	 {Wydawnictwo WAM},
  address =	 {Kraków},
  year =	 2005,
  edition =	 {I},
  series =	 {Wielcy Ludzie Kościoła},
}



@book{ Villa-Yves-Congar-Pub-2013,
  author =	 {Ks. dr L. Villa},
  title =	 {Yves Congar},
  publisher =	 {Wydawnictwo ANTYK Marcin Dybowski},
  address =	 {Komorów},
  year =	 2013,
  series =	 {Rewolucjoniści czasu apokalipsy},
}



@book{ Villa-Karl-Rahner-Pub-2013,
  author =	 {Ks. dr L. Villa},
  title =	 {Karl Rahner},
  publisher =	 {Wydawnictwo ANTYK Marcin Dybowski},
  address =	 {Komorów},
  year =	 2013,
  series =	 {Rewolucjoniści czasu apokalipsy},
}



@book{ Wojtowicz-Henri-de-Lubac-Pub-2004,
  author =	 {Marek Wójtowicz S.J.},
  title =	 {Henri de~Lubac},
  publisher =	 {Wydawnictwo WAM},
  address =	 {Kraków},
  year =	 2004,
  edition =	 {I},
  series =	 {Wielcy Ludzie Kościoła},
}










@Comment ###############################
@Comment Works about the people living in XX and XXI centuries after Christ
@Comment ###############################


@book{ Hahn-Hahn-W-domu-najlepiej-Pub-2009,
  author =	 {Scott Hahn and Kimberly Hahn},
  title =	 {W~domu najlepiej. Nasza droga do Kościoła
                  katolickiego},
  publisher =	 {Wydawnictwo Księży Marianów~MIC},
  address =	 {Warszawa},
  year =	 2009,
  edition =	 {II},
  note =	 {Tłum. Mira Majda},
}



@book{ Seewald-Benedykt-XVI-Ostatnie-rozmowy-Pub-2016,
  author =	 {Peter Seewald},
  title =	 {Benedykt XVI. Ostatnie rozmowy},
  publisher =	 {Dom Wydawniczy RAFAEL},
  address =	 {Kraków},
  year =	 2016,
  edition =	 {I},
}










@Comment #############################################################
@Comment Works on the life and thought of the saints
@Comment #############################################################


@Comment ###############################
@Comment Works about the saints living in XII and XIII centuries after Christ
@Comment ###############################


@book{ Finnis-Tomasz-z-Akwinu-Pub-2022,
  editor =	 {John Finnis},
  title =	 {Tomasz z~Akwinu. Filozofia moralności, polityk
                  i~prawa},
  publisher =	 {Wydawnictwo Teologii Politycznej},
  address =	 {Warszawa},
  year =	 1998,
  edition =	 {I},
  series =	 {Monografie Teologii Politycznej},
  volume =	 12,
  isbn =	 {978-83-67065-13-9},
  note =	 {Tłum. Michał Filipczuk, Michał Szczurowski},
}










@Comment ###############################
@Comment Works about the saints living in XIX and XX centuries after Christ
@Comment ###############################


@book{ Red-Czarniecka-Stefanska-Szukajac-Prawdy-Pub-1998,
  editor =	 {Anita Czarniecka-Stefańska},
  title =	 {Szukając prawdy. Edyta Stein w~kulturze polskiej},
  publisher =	 {Wydawnictwo Uniwerystetu Wrocławskiego},
  address =	 {Wrocław},
  year =	 1998,
  edition =	 {I},
}



@book{ Gorczyca-Edyta-Stein-Pub-2003,
  author =	 {Jakub Gorczyca SJ},
  title =	 {Edyta Stein},
  publisher =	 {Wydawnictwo WAM},
  address =	 {Kraków},
  year =	 2003,
  edition =	 {I},
  series =	 {Wielcy Ludzie Kościoła},
}



@book{ Wilk-Czlowiek-Istota-Wezwana-Pub-2003,
  editor =	 {Rafał Kazimierz Wilk OSPPE},
  title =	 {Człowiek istota wezwana.
                  Antopologiczno-personalistyczne aspekty
                  filozoficznej twórczości Edyty Stein~-- św.~Teresy
                  Benedykt od~Krzyża},
  publisher =	 {Paulinianum},
  address =	 {Kraków},
  year =	 2003,
  edition =	 {I},
  isbn =	 {83-87055-68-9},
  note =	 {Słowo wstępne Andrzej Półtawski},
}










@Comment ###############################
@Comment Works about the saints living in XX and XXI century after Christ
@Comment ###############################


@book{ Red-Kupczak-Jap-Pawel-II-Posluga-Myslenia-Vol-IX-Pub-2011,
  editor =	 {Jarosław Kupczak~OP},
  title =	 {Jan Paweł II. Posługa myślenia},
  publisher =	 {Wydawnictwo Naukowe Uniwersytetu Papieskiego Jana
                  Pawła~II w~Krakowie},
  address =	 {Kraków},
  year =	 2011,
  edition =	 {I},
  series =	 {Studia nad myślą Jana Pawła~II},
  volume =	 9,
}



@book{ Nowak-Jan-Pawel-II-Kronika-zycia-i-pontyfikatu-Pub-2015,
  author =	 {Andrzej Nowak},
  title =	 {Jan Paweł~II. Kroniki życia i~pontyfikatu},
  publisher =	 {Wydawnictwo Olesiejuk},
  address =	 {Kraków},
  year =	 2015,
  edition =	 {I},
}
