@Comment ##############################################################
@Comment ##############################################################
@Comment ANALYSIS AND REFLECTIONS ABOUT DIFFERENT FAITHS AND BELIEVES
@Comment SYSTEMS, BOOKS
@Comment ##############################################################
@Comment ##############################################################


@book{ IwickaZrodlaKlasycznejDemonologiJaponskiej2017,
  author =	 {Renata Iwicka},
  title =	 {Źródła klasycznej demonologii japońskiej},
  publisher =	 {Wydawnictwo Uniwersytetu Jagiellońskiego},
  address =	 {Kraków},
  year =	 2017,
  edition =	 {I},
}










@Comment ##############################################################
@Comment ##############################################################
@Comment HISTORY OF IDEAS, BOOKS
@Comment ##############################################################
@Comment ##############################################################


@book{ RedKloczkowskiPatriotyzmPolakow2006,
  author =	 {Red.~Jacek Kloczkowski},
  title =	 {Patriotyzm Polaków. Studia z~historii idei},
  publisher =	 {Ośrodek Myśli Politycznej, Wyższa Szkoła Europejska
                  im.~ks.~J.~Tischnera},
  address =	 {Kraków},
  year =	 2006,
  edition =	 {I},
  series =	 {Polskie Tradycje Intelektualne},
  volume =	 1,
}










@Comment #############################################################
@Comment #############################################################
@Comment REFLECTIONS ON POLAND, BOOKS
@Comment #############################################################
@Comment #############################################################


@book{ KaminskiRomantyzmAIdeologia1980,
  author =	 {Leszek Kamiński},
  title =	 {Romantyzm a~ideologia. Główne ugrupowania polityczne
		  Drugiej Rzeczpospolitej wobec tradycji romantycznej},
  publisher =	 {Zakład Narodowy Imienia Ossolińskich. Wydawnictwo
		  Polskiej Akademii Nauk},
  address =	 {Wrocław, Warszawa, Kraków, Gdańsk},
  year =	 1980,
  edition =	 {XII},
  series =	 {Biblioteka Towarzystwa Literackiego im.~Adama
		  Mickiewicza},
}



@book{ SowaFantomoweCialoKrola2011,
  author =	 {Jan Sowa},
  title =	 {Fantomowe ciało króla. Peryferyjne zmagania
		  z~nowoczesną formą},
  publisher =	 {UNIVERSITAS},
  address =	 {Kraków},
  year =	 2011,
  edition =	 {I},
}



@book{ TazbirKulturaSzlacheckaWPolsce2013,
  author =	 {Janusz Tazbir},
  title =	 {Kultura szlachecka w~Polsce. Rozkwit~-- upadek~-- relikty},
  publisher =	 {Wydawnictwo Nauka i~Innowacje},
  address =	 {Poznań},
  year =	 2013,
  edition =	 {{}},
}



@book{ MistrzWincentyKonferencja2001,
  author =	 {Red. Krzysztof R.~Prokop},
  title =	 {Mistrz Wincenty Kadłubek. Człowiek i~dzieło,
		  pośmiertny kult i~legenda},
  publisher =	 {Polska Akademia Umiejętności},
  address =	 {Kraków},
  year =	 2001,
  edition =	 {I},
}

@Comment B. K\"urbis ,,Jak Mistrz Wincenty pisał historię Polski''.
@Comment Praca znajduje sie w książce opisanej powyżej.









@Comment #############################################################
@Comment #############################################################
@Comment REFLECTIONS ON RUSSIA, BOOKS
@Comment #############################################################
@Comment #############################################################


@book{ KurkaRosjiRozumemNie2015,
  author =	 {Ewa Kurek},
  title =	 {Rosji rozumem nie pojmiesz?},
  publisher =	 {Clio},
  address =	 {Lublin},
  year =	 2005,
  edition =	 {I},
}










@Comment #############################################################
@Comment #############################################################
@Comment REFLECTIONS ON EAST EUROASIA, BOOKS
@Comment #############################################################
@Comment #############################################################


@book{ KimKoreanczycyChinczycyJaponczycy2010,
  author =	 {Kim Munhak},
  title =	 {Koreańczycy, Chińczycy, Japończycy},
  publisher =	 {Kwiaty Orientu},
  address =	 {Skarżysko-Kamienna},
  year =	 2010,
  edition =	 {I},
  note =	 {Tłum. Maria Kalisz},
}










@Comment #############################################################
@Comment #############################################################
@Comment ECONOMICS, BOOKS
@Comment #############################################################
@Comment #############################################################


@book{ VaroufakisGlobalnyMinotaur2015,
  author =	 {Yanis Varoufakis},
  title =	 {Globalny Minotaur. Ameryka, Europa i~przyszłość
                  światowej gospodarki},
  publisher =	 {Wydawnictwo Naukowe PWN~SA},
  address =	 {Warszawa},
  year =	 2015,
  edition =	 {I},
  note =	 {Tłum. Joanna Bednarek},
}










@Comment #############################################################
@Comment AUSTRIANS SCHOOL OF ECONOMICS, BOOKS
@Comment #############################################################


@book{ HolcombeAustriackaSzkolaEkonomiiRozszeszoneETC2015,
  author =	 {Randall G. Holcombe},
  title =	 {Ausriacka Szkoła Ekonomii~-- rozszerzone
                  wprowadzenie},
  publisher =	 {Fijorr Publishing},
  address =	 {Warszawa},
  year =	 2015,
  edition =	 {I},
  note =	 {Przekład: Bogusz Pawiński},
}



@book{ HulsmannEtykaProdukcjiPieniadza2014,
  author =	 {J{\"{o}}rg Guido H{\"{u}}lsmann},
  title =	 {Etyka produkcji pieniądza},
  publisher =	 {Instytut Ludwiga von~Misesa},
  address =	 {Warszawa},
  year =	 2014,
  edition =	 {I},
  series =	 {Pod Prąd Głównego Nurtu Ekonomii},
  note =	 {Tłumaczenie: Paweł Kot},
}



@book{ RothbardManEconomyAndStateWithPowerAndMarket2009,
  author =	 {Murray N. Rothbard},
  title =	 {Man, Economy, and State: A~Treatise on Economic
                  Principles. Power and Market: Goverment and the
                  Economy. Scholar's Edition},
  publisher =	 {Ludwig von Mises Institute},
  address =	 {Auburn, Alabama},
  year =	 2009,
  edition =	 {Second edition},
}



@book{ RothbardZlotoBankiLudzie2016,
  author =	 {Murray N. Rothbard},
  title =	 {Złoto, banki, ludzie. Krótka historia pieniądza},
  publisher =	 {Fijorr Publishing},
  address =	 {Warszawa},
  year =	 2016,
  edition =	 {III},
  note =	 {Tłum. Witold Falkowski},
}










@Comment #############################################################
@Comment #############################################################
@Comment LANGUAGES, BOOKS
@Comment #############################################################
@Comment #############################################################


@book{ DanetOJezykuPospolitym2002,
  author =	 {Dante},
  title =	 {O~języku pospolitym},
  publisher =	 {Wydawnictwo ANTYK},
  address =	 {Kęty},
  year =	 2002,
  edition =	 {I},
  series =	 {Biblioteka Europejska},
  volume =	 12,
}










@Comment #############################################################
@Comment ENGLISH LANGUAGE, BOOKS
@Comment #############################################################


@book{ MurphyEnglishGrammarInUse1998,
  author =	 {R. Murphy},
  title =	 {English Grammar in Use},
  publisher =	 {Cambridge University Press},
  year =	 1998,
  edition =	 {Second},
}



@book{ StanislawskiEtAlPodrecznySlownikAngielskoPolski1984,
  author =	 {Jan Stanisławski, Katarzyna Billip, Zofia Chociłowska},
  title =	 {Podręczny słowniki angielsko-polski},
  publisher =	 {Wiedza Powszechna},
  year =	 1984,
  edition =	 {V},
}










@Comment #############################################################
@Comment LATIN LANGUAGE, BOOKS
@Comment #############################################################


@book{ CzyzmaRoguszczakJezykLacinski2004,
  author =	 {J. Czyżma and E. Roguszczak},
  title =	 {Język łaciński},
  publisher =	 {Wydawnictwo Uniwersytetu Gdańskiego},
  year =	 2004,
  edition =	 {V},
}










@Comment #############################################################
@Comment POLISH LANGUAGE, BOOKS
@Comment #############################################################


@book{ BakGramatykaJezykaPolskiegoZarysPopularny1979,
  author =	 {P. Bąk},
  title =	 {Gramatyka języka polskiego. Zarys popularny},
  publisher =	 {Wiedza Powszechna},
  year =	 1979,
  edition =	 {III},
}



@book{ TittenbrunowieSlownikOrtograficzny1999,
  author =	 {Krystyna i~Mieczysław Tittenbrunowie},
  title =	 {Podręczny słownik ortograficzny ze~skróconymi
                  zasadami pisowni},
  publisher =	 {KASTOR},
  address =	 {Warszawa},
  year =	 1999,
  edition =	 {I},
}










@Comment #############################################################
@Comment #############################################################
@Comment LINGUISTICS, BOOKS
@Comment #############################################################
@Comment #############################################################


@book{ LyonsWstepDoJezykoznawstwa1975,
  author =	 {John Lyons},
  title =	 {Wstęp do językonawstwa},
  publisher =	 {Państwowe Wydawnictwo Naukowe},
  address =	 {Warszawa},
  year =	 1975,
  edition =	 {I},
  note =	 {Redaktor naukowy Adam Weinsberg},
}



@book{ LyonsWstepDoJezykoznawstwa1976,
  author =	 {John Lyons},
  title =	 {Wstęp do językonawstwa},
  publisher =	 {Państwowe Wydawnictwo Naukowe},
  address =	 {Warszawa},
  year =	 1976,
}



@book{ PaveauSarfatiWielkieTeorieJezykoznawcze2009,
  author =	 {Marie-Anne Paveau and Georges-\'{E}lia Sarfati},
  title =	 {Wielkie teorie językoznawcze. Od językoznawstwa
                  historyczno-porównawczego do pragmatyki},
  publisher =	 {Wydawnictwo FLAIR},
  address =	 {Kraków},
  year =	 2009,
}










@Comment #############################################################
@Comment #############################################################
@Comment POLITOLOGY, BOOKS
@Comment #############################################################
@Comment #############################################################


@book{ WielomskiSojuszEkstremowETC2021,
  author =	 {Adam Wielomski},
  title =	 {Sojusz ekstremów w~epoce globalizacji. Jak
                  neoliberałowie i~neomarksiści budują nam nowy świat},
  publisher =	 {Fundacja Instytut Badawczy Pro Vita Bona},
  address =	 {Warszawa},
  year =	 2021,
  edition =	 {I},
}










@Comment #############################################################
@Comment POLITICS AND RELATED ISSUES, BOOKS
@Comment #############################################################


@book{ GuerotEuropejskaWojnaDomowa2017,
  author =	 {Ulrike Gu{\'{e}}rot},
  title =	 {Europejska wojna domowa},
  publisher =	 {Wydawnictwo Krytyki Politycznej},
  address =	 {Warszawa},
  year =	 2017,
  edition =	 {I},
  note =	 {Tłum. Bartosz Nowacki}
}



@book{ HohlerMatkaChrzestna2013,
  author =	 {G. H{\"{o}}hler},
  title =	 {Matka chrzestna. Jak Angela Merkel przebudowuje
                  Niemcy},
  publisher =	 {Zysk i~S-ka},
  address =	 {Poznań},
  year =	 {2013?},
  edition =	 {I},
}



@book{ VaroufakisASlabiMuszaUlegac2017,
  author =	 {Janis Waroufakis},
  title =	 {A~słabi muszą ulegać? Europa, polityka
		  oszczędnościowa a~zagrożenie dla~globalnej
		  stabilizacji},
  publisher =	 {Wydawnictwo Krytyki Politycznej},
  address =	 {Warszawa},
  year =	 2017,
  edition =	 {I},
  note =	 {Tłum. Robert Mitoraj},
}










@Comment #############################################################
@Comment #############################################################
@Comment ESSAYS, COLUMN, PUBLICISTICS, IN BOOK FORM
@Comment #############################################################
@Comment #############################################################


@book{ AdamskiWojnaSwiatowWPopkulturze2011,
  author =	 {Łukasz Adamski},
  title =	 {Wojna światów w~popkulturze},
  publisher =	 {Wydawnictwo Wektory},
  address =	 {Bielany Wrocławskie},
  year =	 2011,
  edition =	 {I},
}



@book{ AppelbaumZmierzchDemokracji2020,
  author =	 {Anne Applebaum},
  title =	 {Zmierzch demokracji. Zwodniczy powab autorytaryzmu},
  publisher =	 {Wydawnictwo Agora},
  address =	 {Warszawa},
  year =	 2020,
  edition =	 {I},
  note =	 {Tłum. Piotr Tarczyński},
}



@book{ CheestertonOrtodoksja,
  author =	 {Gilbert Keith Chesterton},
  title =	 {Ortodoksja},
  publisher =	 {Warszawa -- Ząbki},
  edition =	 {II -- Poprawione},
}



@book{ ChestertonCoJestZleWSwiecie2013,
  author =	 {Gilbert Keith Chesterton},
  title =	 {Co jest złe w~świecie?},
  publisher =	 {Wydawnictwo Diecezjalne i~Drukarnia w~Sandomierzu},
  address =	 {Sandomierz},
  year =	 2013,
  note =	 {Tłum. Macier Reda},
}



@book{ ChesetertonPismaWybrane1974,
  author =	 {Gilbert Keith Chesterton},
  title =	 {Pisma wybrane},
  publisher =	 {Znak},
  address =	 {Kraków},
  year =	 1974,
}



@book{ ChodakiewiczTransformacjaCzyNiepodleglosc2014,
  author =	 {Marek Jan Chodakiewicz},
  title =	 {Transformacja czy~niepodległość?},
  publisher =	 {PATRIA MEDIA},
  address =	 {Kraków},
  year =	 2014,
  edition =	 {I},
  note =	 {Wstęp, wybór i~opracowanie tekstów: Adam
		  Chmielnicki},
}



@book{ ChodakiewiczOCywilizacjiSmierci2019,
  author =	 {Marek Jan Chodakiewicz},
  title =	 {O~cywilizacji śmierci. Jak zatrzymać antykulturę
                  totalitarnych mniejszości},
  publisher =	 {3S~MEDIA Sp.~z~o.o.},
  address =	 {Warszawa},
  year =	 2019,
  edition =	 {I},
  series =	 {Biblioteka Wolności},
}



@book{ DmochowskiKosciolWyborczej2014,
  author =	 {Artur Dmochowski},
  title =	 {Kościół „Wyborczej”. Największa operacja
                  resortowych dzieci},
  publisher =	 {Wydawnictwo Słowa i~Myśli},
  address =	 {Warszawa},
  year =	 2014,
  edition =	 {I},
}



@book{ HoffmanJudaizmZdemaskowanyVolI2012,
  author =	 {M. Hoffman},
  title =	 {Judaizm zdemaskowany!},
  publisher =	 {ANTYK},
  year =	 2012,
  volume =	 {I},
}



@book{ KrasnodebskiDrzemkaRozsadnych2006,
  author =	 {Zdzisław Krasnodębski},
  title =	 {Drzemka rozsądnych. Zebrane eseje i~szkice},
  publisher =	 {Ośrodek Myśli Politycznej. Wyższa Szkoła Europejska
                  im.~ks.~Józefa Tischnera},
  address =	 {Kraków},
  year =	 2006,
  edition =	 {I},
  series =	 {Biblioteka Myśli Politycznej},
  volume =	 47,
}



@book{ KrasnodebskiWiekszegoCuduNieBedzie2011,
  author =	 {Zdzisław Krasnodębski},
  title =	 {Większego cudu nie będzie. Zebrane eseje
                  i~szkice~IV},
  publisher =	 {Ośrodek Myśli Politycznej},
  address =	 {Kraków},
  year =	 2011,
  edition =	 {{I}},
}



@book{ KrasnodebskiZwyciezcaPoPrzejsciach2012,
  author =	 {Zdzisław Krasnodębski},
  title =	 {Zwycięzca po przejściach: zebrane eseje i~szkice~V},
  publisher =	 {Ośrodek Myśli Politycznej},
  address =	 {Kraków},
  year =	 2012,
  edition =	 {I},
}



@book{ KrzyzanowskiChrzescijanskaMoralnoscPolityczna2002,
  author =	 {A. Krzyżanowski},
  title =	 {Chrześcijańska moralność polityczna. Wybór pism},
  publisher =	 {Kraków},
  year =	 2002,
}



@book{ LegutkoIKtoTuJestCiemniakiem1996,
  author =	 {Ryszard Legutko},
  title =	 {I~kto tu jest ciemniakiem?},
  publisher =	 {Wydawnictwo ARCANA},
  address =	 {Kraków},
  year =	 1996,
  edition =	 {I},
}



@book{ LewisCzteryMilosci2020,
  author =	 {C.S. Lewis},
  title =	 {Cztery miłości},
  publisher =	 {Media Rodzina},
  address =	 {Poznań},
  year =	 2020,
}



@book{ McGrathBogDawkinsa2008,
  author =	 {Alister McGrath},
  title =	 {Bóg Dawkinsa. Geny, memy i~sens życia},
  publisher =	 {Wydawnictwo Uniwersytetu Jagiellońskiego},
  address =	 {Kraków},
  year =	 2008,
  edition =	 {I},
  series =	 {Edios},
}



@book{ McGrathMcGrathBogNieJestUrojeniem2012,
  author =	 {A. McGrath, J. C. McGrath},
  title =	 {Bóg nie jest urojeniem. Złudzenie Dawkinsa},
  publisher =	 {WAM},
  year =	 2012,
  edition =	 {II},
}



@book{ KsNeuhausProrokZNowegoYorku2010,
  author =	 {Ks. Richard John Neuhaus},
  title =	 {Prorok z~Nowego Yorku. Wybór publicystyki
		  i~wywiadów},
  publisher =	 {FRONDA~PL Sp.~z~o.o.},
  address =	 {Warszawa},
  year =	 2010,
  edition =	 {I},
}



@book{ NowakOdPolskiDoPostpolityki2010,
  author =	 {Andrzej Nowak},
  title =	 {Od~Polski do~post-polityki. Intelektualna
		  historia zapaści Rzeczpospolitej},
  publisher =	 {Wydawnictwo ARCANA},
  address =	 {Kraków},
  year =	 2010,
  edition =	 {I},
  series =	 {Arcana Historii},
}



@book{ NowakStrachyILachy2012,
  author =	 {Andrzej Nowak},
  title =	 {Strachy i~lachy. Przemiany polskiej pamięci
                  1982--2012},
  publisher =	 {Biały Kruk},
  address =	 {Kraków},
  year =	 2012,
  edition =	 {I},
}



@book{ NowakIntelektualnaHistoriaIIIRP2013,
  author =	 {Andrzej Nowak},
  title =	 {Intelektualna historia III RP. Rozmowy z~lat
		  1990--2012},
  publisher =	 {Sic!},
  address =	 {Warszawa},
  year =	 2013,
  edition =	 {I},
}



@book{ NowakUlegloscCzyNiepodleglosc2014,
  author =	 {Andrzej Nowak},
  title =	 {Uległość czy niepodległość},
  publisher =	 {Biały Kruk},
  address =	 {Kraków},
  year =	 2014,
  edition =	 {I},
}



@book{ NowakHistoriaIPolityka2016,
  author =	 {Andrzej Nowak},
  title =	 {Historia i~polityka},
  publisher =	 {Biały Kruk},
  address =	 {Kraków},
  year =	 2016,
  edition =	 {I},
}



@book{ RothCichyPucz2015,
  author =	 {J{\"{u}}rgen Roth},
  title =	 {Cichy pucz. Zawłaszczanie Europy przez~niejawne
                  elity gospodarczo-politycznej},
  publisher =	 {Zysk i~S-ka},
  address =	 {Poznań},
  year =	 2015,
  edition =	 {I},
}



@book{ SzczeklikKatharsis2009,
  author =	 {Andrzej Szczeklik},
  title =	 {Katharsis. O~uzdrowicielskiej mocy natury i~sztuki},
  publisher =	 {Wydawnictwo Znak},
  address =	 {Kraków},
  year =	 2009,
  edition =	 {II, dodruk},
}



@book{ TischnerNieszczesnyDarWolnosci1996,
  author =	 {Ks.~Józef Tischner},
  title =	 {Nieszczęsny dar wolności},
  publisher =	 {Znak},
  address =	 {Kraków},
  year =	 1996,
  edition =	 {{II}},
}










@Comment #############################################################
@Comment #############################################################
@Comment REPORTS, REPORTAGE, BOOKS
@Comment #############################################################
@Comment #############################################################


@book{ ThompsonMroczneSerceHollywood2014,
  author =	 {Douglas Thompson},
  title =	 {Mroczne serce Hollywood},
  publisher =	 {Black Publishing},
  address =	 {Wołowiec},
  year =	 2014,
  edition =	 {I},
  note =	 {Tłum. Robert Pucek},
}










@Comment #############################################################
@Comment REPORTAGE FROM SOUTH KOREA, BOOKS
@Comment #############################################################


@book{ HusarskiKrajNiespokojnegoPoranka2021,
  author =	 {Roman Husarski},
  title =	 {Kraj niespokojnego poranka. Pamięć i~bunt w~Korei
                  Południowej},
  publisher =	 {Wydawnictow Czarne},
  address =	 {Wołowiec},
  year =	 2021,
  edition =	 {I},
}










@Comment #############################################################
@Comment REPORTAGE FROM UKRAINE, BOOKS
@Comment #############################################################


@book{ BryzkoZaporJaTuZostaje2022,
  author =	 {Natalia Bryżko-Zapór},
  title =	 {Ja tu zostaję. Fenomen Wołodymyra Zełenskiego},
  publisher =	 {Towarzystwo „Więź”},
  address =	 {Warszawa},
  year =	 2022,
  edition =	 {I},
  series =	 {Bibliotek „Więzi”},
  volume =	 382,
}










@Comment ##############################################################
@Comment ##############################################################
@Comment ENCYCLOPEDIAS
@Comment ##############################################################
@Comment ##############################################################


@book{ BrunettoLatiniSkarbiecWiedzy1992,
  author =	 {Brunetto Latini},
  title =	 {Skarbiec wiedzy},
  publisher =	 {Państwowy Instytut Wydawniczy},
  address =	 {Warszawa},
  year =	 1992,
  edition =	 {{}},
}










@Comment ##############################################################
@Comment ##############################################################
@Comment HARD TO CLASSIFY
@Comment ##############################################################
@Comment ##############################################################
