@Comment #############################################################
@Comment #############################################################
@Comment Computer science and mathematics, online resources
@Comment #############################################################
@Comment #############################################################



@Comment #############################################################
@Comment Category theory in computer science
@Comment #############################################################


@online{ Sfregola-A-pragmatic-introduction-to-category-theory-Ver-2017,
  author =	 {Daniela Sfregola},
  title =	 {A~pragmatic introduction to category theory},
  year =	 2017,
  url =		 {https://www.youtube.com/watch?v=Ss149MsZluI},
  urldate =	 {12-VII-2024},
}



@online{ Wadler-Categor-theory-for-the-working-hacker-Ver-2016,
  author =	 {Philip Wadler},
  title =	 {Category theory for the working hacker},
  year =	 2016,
  url =		 {https://www.youtube.com/watch?v=V10hzjgoklA},
  urldate =	 {18-VII-2024},
}






@Comment #############################################################
@Comment Lambda calculus
@Comment #############################################################


@online{ Hutton-Computerphile-Lambda-calculus-Ver-2017,
  author =	 {Computerphile and Graham Hutton},
  title =	 {Lambda calculus},
  year =	 2017,
  url =		 {https://www.youtube.com/watch?v=eis11j_iGMs},
  urldate =	 {16-VII-2024},
}



@Comment @online{ Crunch-What-is-an-Assembler-ETC-2016,
@Comment   author =	 {Dani Crunch},
@Comment   title =	 {What is an Assembler?~-- An introduction to
@Comment                   Assembly/Assembler},
@Comment   year =	 2024,
@Comment   url =		 {https://www.youtube.com/watch?v=yAdt5NGZwCk},
@Comment   urldate =	 {01-07-2024},
@Comment }







@Comment @online{ Godbolt-Computerphile-Machine-Code-Explained-2024,
@Comment   author =	 {Matt Godbolt and Computerphile},
@Comment   title =	 {Machine Code Explained},
@Comment   year =	 2024,
@Comment   url =		 {https://www.youtube.com/watch?v=8VsiYWW9r48},
@Comment   urldate =	 {10-07-2024},
@Comment }






@Comment @Comment #############################################################
@Comment @Comment Operating systems shells
@Comment @Comment #############################################################


@Comment @Comment ###############################
@Comment @Comment BASH
@Comment @Comment ###############################


@Comment @online{ Aboukhalil-You-dont-know-bash-An-introduction-ETC-2018,
@Comment   author =	 {Robert Aboukhalil},
@Comment   title =	 {You don't know Bash: An~introduction to~Bash arrays},
@Comment   year =	 {2018},
@Comment   url =
@Comment                   {https://opensource.com/article/18/5/you-dont-know-bash-intro-bash-arrays},
@Comment   urldate =	 {06-04-2024},
@Comment }



@Comment @online{ Both-How-to-program-with-Bash-Syntax-and-tools-2019,
@Comment   author =	 {David Both},
@Comment   title =	 {How to program with Bash: Syntax and~tools},
@Comment   year =	 {2019},
@Comment   url =		 {https://opensource.com/article/19/10/programming-bash-syntax-tools},
@Comment   urldate =	 {24-03-2024},
@Comment }



@Comment @online{ Linuxize-BASH-Functions-2020,
@Comment   author =	 {Linuxize},
@Comment   title =	 {Bash Functions},
@Comment   year =	 {2020},
@Comment   url =		 {https://linuxize.com/post/bash-functions/},
@Comment   urldate =	 {23-05-2024},
@Comment }



@Comment @online{ Orr-Bash-Prompt-HOWTO-2003,
@Comment   author =	 {Giles Orr},
@Comment   title =	 {Bash Prompt HOWTO},
@Comment   year =	 {2003},
@Comment   url =		 {https://tldp.org/HOWTO/Bash-Prompt-HOWTO/index.html},
@Comment   urldate =	 {6-05-2024},
@Comment }



@Comment @online{ Pankaj-Grep-command-in-Linux-Unix-2022,
@Comment   author =	 {Pankaj},
@Comment   title =	 {Grep command in~Linux/Unix},
@Comment   year =	 2022,
@Comment   url =
@Comment                   {https://www.digitalocean.com/community/tutorials/grep-command-in-linux-unix},
@Comment   urldate =	 {13-03-2024},
@Comment }



@Comment @online{ Pankaj-Linux-ps-command-ETC-2022,
@Comment   author =	 {Pankaj},
@Comment   title =	 {Linux \texttt{ps} command~-- 20 Real life examples},
@Comment   year =	 2022,
@Comment   url =
@Comment                   {https://www.digitalocean.com/community/tutorials/linux-ps-command},
@Comment   urldate =	 {02-04-2024},
@Comment }



@Comment @online{ Pavroo-Porady-Admina-kill-2023,
@Comment   author =	 {Pavroo},
@Comment   title =	 {Porady Admina: kill},
@Comment   year =	 {2023},
@Comment   url =		 {https://linuxiarze.pl/porady-admina-procps-kill/},
@Comment   urldate =	 {21-03-2024},
@Comment }



@Comment @online{ Ramuglia-How-to-kill-processes-in-Linux-ETC-2023,
@Comment   author =	 {Gabriel Ramuglia},
@Comment   title =	 {How to Kill Processes in Linux | 'kill' Command
@Comment                   Guide},
@Comment   year =	 {2023},
@Comment   url =		 {https://ioflood.com/blog/kill-linux-command/},
@Comment   urldate =	 {2-04-2024},
@Comment }



@Comment @online{ Chadwick-Bash-Scripting-Tutorialt-5-If-Statements,
@Comment   author =	 {Ryan Chadwick},
@Comment   title =	 {Bash Scripting Tutorial~-- 5.~If~Statements},
@Comment   url =
@Comment                   {https://ryanstutorials.net/bash-scripting-tutorial/bash-if-statements.php},
@Comment   urldate =	 {06-04-2024},
@Comment }



@Comment @online{ Chadwick-Bash-Scripting-Tutorial-6-Loops,
@Comment   author =	 {Ryan Chadwick},
@Comment   title =	 {Bash Scripting Tutorial~-- 6.~Loops},
@Comment   url =
@Comment                   {https://ryanstutorials.net/bash-scripting-tutorial/bash-loops.php},
@Comment   urldate =	 {15-04-2024},
@Comment }


@Comment @online{ ,
@Comment   author =	 {Artemy Kolchinsky and Brendan D.~Tracey},
@Comment   title =	 {Estimating Mixture Entropy with Pairwise Distances},
@Comment   journal =	 {Entropy},
@Comment   volume =	 {19},
@Comment   year =	 {2017},
@Comment   number =	 {7},
@Comment   article-number ={361},
@Comment   doi =		 {10.3390/e19070361},
@Comment   url =		 {https://www.mdpi.com/1099-4300/19/7/361},
@Comment   urldate =	 {},
@Comment }










@Comment @Comment #############################################################
@Comment @Comment Packages ecosystems
@Comment @Comment #############################################################


@Comment @Comment ###############################
@Comment @Comment Julia packages ecosystem
@Comment @Comment ###############################


@Comment @misc{ OSCAR-Page,
@Comment   key =		 {OSCAR},
@Comment   organization = {The OSCAR Team},
@Comment   title =	 {OSCAR -- Open Source Computer Algebra Research
@Comment                   system, Version 1.0.0},
@Comment   year =	 {2024},
@Comment   url =		 {https://www.oscar-system.org},
@Comment }










@Comment @Comment #############################################################
@Comment @Comment TeX and LaTeX
@Comment @Comment #############################################################


@Comment @online{ LaTeX-Mathematical-Symbols,
@Comment   author =	 {Unknow},
@Comment   title =	 {\LaTeX{} Mathematical Symbols},
@Comment   url =
@Comment                   {https://www.cmor-faculty.rice.edu/~heinken/latex/symbols.pdf},
@Comment   urldate =	 {06-07-2024},
@Comment }










@Comment @Comment ###############################
@Comment @Comment LaTeX packages ecosystem
@Comment @Comment ###############################


@Comment @online{ The-Beamer-class-Use-Gudie-for-version-3-71,
@Comment   author =	 {Till Tantau and Joseph Wright and Vedran MiletiÄ‡},
@Comment   title =	 {The BEAMER class. User Gudie for~3.71},
@Comment   url =
@Comment                   {https://tug.ctan.org/macros/latex/contrib/beamer/doc/beameruserguide.pdf},
@Comment   urldate =	 {16-05-2024},
@Comment }










@Comment @Comment #############################################################
@Comment @Comment
@Comment @Comment #############################################################


@Comment @Comment ###############################
@Comment @Comment GNU make
@Comment @Comment ###############################


@Comment @online{ Maxwell-A-Simple-Makefile-Tutorial,
@Comment   author =	 {Bruce A. Maxwell},
@Comment   title =	 {A~Simple Makefile Tutorial},
@Comment   url =
@Comment                   {https://www.cs.colby.edu/maxwell/courses/tutorials/maketutor/},
@Comment   urldate =	 {07-05-2024},
@Comment }



@Comment @online{ Patil-What-is-a-Makefile-and-ETC-2018,
@Comment   author =	 {Sachin Patil},
@Comment   title =	 {What is a~Makefile and how does it work?},
@Comment   url =
@Comment                   {https://opensource.com/article/18/8/what-how-makefile},
@Comment   urldate =	 {07-05-2024},
@Comment }










@Comment @Comment #############################################################
@Comment @Comment Hard to classify
@Comment @Comment #############################################################


@Comment @online{ Kenlon-A-practical-guide-to-learning-awk-2020,
@Comment   author =	 {Seth Kenlon},
@Comment   title =	 {A~practical guide to learn awk},
@Comment   url =		 {https://opensource.com/article/20/9/awk-ebook},
@Comment   urldate =	 {28-04-2024},
@Comment }
