@book{ Bremer-Wprowadzenie-do-logiki-Pub-2004,
  author =	 {Józef W.~Bremer},
  title =	 {Wprowadzenie do~logiki},
  publisher =	 {Wydawnictwo WAM},
  address =	 {Kraków},
  year =	 2004,
  edition =	 {I},
  series =	 {Myśl Filozoficzna},
}



@book{ Grzegorczyk-Zarys-logiki-matematycznej-Pub-1975,
  author =	 {Andrzej Grzegorczyk},
  title =	 {Zarys logiki matematycznej},
  publisher =	 {Państwowe Wydawnictwo Naukowe},
  address =	 {Warszawa},
  year =	 1975,
  edition =	 {IV},
  series =	 {Biblioteka matematyczna},
  number =	 20,
}



@book{ Quine-Logika-matematyczna-Pub-1974,
  author =	 {Willard Van Orman Quine},
  title =	 {Logika matematyczna},
  publisher =	 {Państwowe Wydawnictwo Naukowe},
  address =	 {Warszawa},
  year =	 1974,
  edition =	 {I},
  note =	 {Tłum. Leon Koj},
}