@book{ Wawrzynczyk-Wspolczesna-teoria-funkcji-specjalnych-Pub-1978,
  author =	 {Antoni Wawrzyńczyk},
  title =	 {Współczesna teoria funkcji specjalnych. Wstęp
                  do~analizy hormonicznej na~przestrzeniach
                  jednorodnych},
  publisher =	 {Państwowe Wydawnictwo Naukowe},
  address =	 {Warszawa},
  year =	 1978,
  edition =	 {I},
  series =	 {Biblioteka Matematyczna},
  number =	 52,
  note =	 {Przykłady i~zadania opracował Aleksander
                  Strasburger},
}