@book{ Aho-Lam-Sethi-Ullman-Kompilatory-Pub-2019,
  author =	 {Alfred V. Aho and Monica S. Lam and Ravi Sethi and
                  Jeffrey D. Ullman},
  title =	 {Kompilatory. Reguły, metody, narzędzia},
  publisher =	 {Wydawnictwo Naukowe PWN SA},
  address =	 {Warszawa},
  year =	 2019,
  edition =	 {II (I~w~WN PWN)},
  isbn =	 {978-83-01-20381-8},
  note =	 {Przekład Marek Włodarz},
}
