@Comment #############################################################
@Comment #############################################################
@Comment Fan made music videos. Netography
@Comment #############################################################
@Comment #############################################################


@online{ Bronx-Superman-Braveheart-Battle-Hymn-Ver-2017,
  author =	 {Bronx Superman},
  title =	 {Braveheart (Battle Hymn)},
  year =	 2017,
  url =		 {https://www.youtube.com/watch?v=d-_Cvenxd0c},
  urldate =	 {2025-02-07},
}



@online{ Evergreen-Best-Music-Leonard-Cohen-You-Want-It-Darker-Ver-2017,
  author =	 {Evergreen Best Music},
  title =	 {Leonard Cohen "You Want It Darker"},
  year =	 2017,
  url =		 {https://www.youtube.com/watch?v=XQOpeJ8YHrE},
  urldate =	 {2024-09-06},
}



@online{ Hellworks-Studios-Iron-Maiden-The-Assassin-ETC-Ver-2012,
  author =	 {Iron Maiden},
  title =	 {Iron Maiden "The~Assassin" (2012 Music Video)},
  year =	 2012,
  url =		 {https://www.youtube.com/watch?v=hkeAXIjtmzE},
  urldate =	 {2025-05-16},
}



@online{ Katuzzi-Soviet-Afghan-War-Cheri-Cheri-Lady-Ver-2023,
  author =	 {Katuzzi},
  title =	 {Soviet Afghan War "Cheri, Cheri Lady"},
  year =	 2023,
  url =		 {https://www.youtube.com/watch?v=x7uK46ylWZA},
  urldate =	 {2024-08-27},
}



@online{ wokulskimybeloved-wokulski-chce-zapomniec-wszystkie-ETC-Ver-2023,
  author =	 {wokulskimybeloved},
  title =	 {Wokulski chce zapomnieć wszystkie chwile~te},
  year =	 2023,
  url =		 {https://www.youtube.com/watch?v=Sf1ydT6ktYo},
  urldate =	 {2025-04-22},
}










@Comment #############################################################
@Comment Jacek Kaczmarski fan made music videos
@Comment #############################################################


@online{ RapMoimZyciem-Jacek-Kaczmarski-Pan-Kmicic-Ver-2010,
  author =	 {RapMoimZyciem},
  title =	 {Jacek Kaczmarski „Pan Kmicic~-- Potop”},
  year =	 2010,
  url =		 {https://www.youtube.com/watch?v=mEVt6zLRCtg},
  urldate =	 {2024-12-04},
}










@Comment #############################################################
@Comment Lars von Retriever (Metal Trump)
@Comment #############################################################


@online{ Lars-von-Retriever-Leper-Messiah-by-Leper-Messiah-Ver-2021,
  author =	 {Lars von Retriever (Metal Trump)},
  title =	 {Leper Messiah by~Leper Messiah},
  year =	 2021,
  url =		 {https://www.youtube.com/watch?v=r3yRfesOTgA},
  urldate =	 {2025-01-26},
}










@Comment #############################################################
@Comment Sabaton fan made videos
@Comment #############################################################


@online{ Gripen-Sabaton-Rorkes-Dritft-Music-Video-Ver-2016,
  author =	 {Gripen},
  title =	 {Sabaton "Rorke's Drift" (Music Video)},
  year =	 2016,
  url =		 {https://www.youtube.com/watch?v=kVW5rjA5O7U},
  urldate =	 {2024-09-20},
}



@online{ Hardigun-Sabaton-Poltava-Ver-2020,
  author =	 {Hardigun},
  title =	 {Sabaton~-- Poltava},
  year =	 2020,
  url =		 {https://www.youtube.com/watch?v=-gzG-4hJjEM},
  urldate =	 {2025-02-03},
}



@online{ Hardigun-Sabaton-Sparta-Ver-2020,
  author =	 {Hardigun},
  title =	 {Sabaton~-- Sparta},
  year =	 2020,
  url =		 {https://www.youtube.com/watch?v=sO-8-mxNE7I},
  urldate =	 {2024-11-04},
}










@Comment #############################################################
@Comment Running Wild fan made music videos
@Comment #############################################################


@online{ Deus-MauX-Running-Wild-The-Battle-Of-Waterloo-Ver-2020,
  author =	 {Deus MauX},
  title =	 {Running Wild "The~Battle~Of Waterloo" (sub español)},
  year =	 2020,
  url =		 {https://www.youtube.com/watch?v=s9euCM0QHcQ},
  urldate =	 {2024-09-21},
}



@online{ webdoox-Running-Wild-Little-Big-Horn-Ver-2009,
  author =	 {webdoox},
  title =	 {Running Wild "Little Big Horn"},
  year =	 2009,
  url =		 {https://www.youtube.com/watch?v=hEEYPcg7S4U},
  urldate =	 {2024-09-21},
}
