@Comment #############################################################
@Comment Heavy metal. Netography
@Comment #############################################################p


@online{ Against-Evil-Metal-or-Nothin-Music-Video-Ver-2011,
  author =	 {Against Evil},
  title =	 {Metal or~Nothin' (Music Video)},
  year =	 2021,
  url =		 {https://www.youtube.com/watch?v=FHI7W8xNuWg},
  urldate =	 {2025-02-20},
}



@online{ Armored-Saint-Regin-of-Fire-Official-Video-Ver-2010,
  author =	 {Armored Saint},
  title =	 {Regin of Fire (Official Video)},
  year =	 2010,
  url =		 {https://www.youtube.com/watch?v=zhJuVyJDvMc},
  urldate =	 {2025-03-09},
}



@online{ BFMV-The-Last-Fight-Official-Video-Ver-2011,
  author =	 {Bullet For My~Valentine},
  title =	 {The~Last Fight (Official Video)},
  year =	 2011,
  url =		 {https://www.youtube.com/watch?v=gT3zXBd2ksk},
  urldate =	 {2024-11-02},
}



@online{ Cauldron-Nitebreaker-Ver-2012,
  author =	 {Cauldron},
  title =	 {Nitebreaker},
  year =	 2012,
  url =		 {https://www.youtube.com/watch?v=_ZYrPR5cr5o},
  urldate =	 {2025-03-23},
  note =	 {CauldrongVEVO},
}



@online{ Cinderella-Nobodys-Fool-Ver-2009,
  author =	 {Cinderella},
  title =	 {Nobody's Fool},
  year =	 2009,
  url =		 {https://www.youtube.com/watch?v=MCOrtJMQmVs},
  urldate =	 {2024-08-24},
}



@online{ Crazy-Lixx-Lock-Up-Your-Daughter-ETC-Ver-2021,
  author =	 {Crazy Lixx},
  title =	 {Lock Up Your Daughter [UST] ("Highlander" 1986)},
  year =	 2023,
  url =		 {https://www.youtube.com/watch?v=wWZZ-lcAdag},
  urldate =	 {2024-08-25},
}



@online{ Delain-feat-Marco-Hietala-Sing-To-Me-Official-ETC-Ver-2015,
  author =	 {Delain feat. Marco Hietala},
  title =	 {Sing To Me (Official Lyric Video)},
  year =	 2015,
  url =		 {https://www.youtube.com/watch?v=fxzRUAXyDKw},
  urldate =	 {2025-02-14},
  note =	 {Napalm Records},
}



@online{ Dio-Holy-Diver-Official-ETC-Ver-2010,
  author =	 {Dio},
  title =	 {Holy Diver (Official Music Video) [HD]},
  year =	 2010,
  url =		 {https://www.youtube.com/watch?v=2lvs2FzF64o},
  urldate =	 {2024-08-24},
  note =	 {RHINO},
}



@online{ Dio-Rainbow-In-The-Dark-Official-ETC-Ver-2019,
  author =	 {Dio},
  title =	 {Rainbow In~The~Dark (Official Music Video) [HD]},
  year =	 2019,
  url =		 {https://www.youtube.com/watch?v=PrBUjXaRSUQ},
  urldate =	 {2024-08-24},
  note =	 {RHINO},
}



@online{ Dio-The-Last-In-Line-Official-ETC-Ver-2019,
  author =	 {Dio},
  title =	 {The~Last In~Line (Official Music Video)},
  year =	 2019,
  url =		 {https://www.youtube.com/watch?v=360xvnsduDg},
  urldate =	 {2025-07-23},
  note =	 {RHINO},
}



@online{ Enforcer-Mesmerized-By-Fire-Official-Music-Video-ETC-Ver-2013,
  author =	 {Enforcer},
  title =	 {Mesmerized By~Fire (OFFICIAL MUSIC VIDEO)},
  year =	 2013,
  url =		 {https://www.youtube.com/watch?v=PYUJkg2SiZA},
  urldate =	 {2025-07-14},
  note =	 {Nuclear Blast Records},
}



@online{ Jansen-ft-Poort-Phantom-of-the-Opera-Live-Ver-2022,
  author =	 {Floor Jansen, ft.~Henk Poort},
  title =	 {Phantom~of the~Opera (Live)},
  year =	 2022,
  url =		 {https://www.youtube.com/watch?v=v_tlVUZ7mEk},
  urldate =	 {2025-03-01},
}



@online{ Killswitch-Engage-Holy-Diver-Official-video-Ver-2009,
  author =	 {Killswitch Engage},
  title =	 {Holy Diver (Official video)},
  year =	 2009,
  url =		 {https://www.youtube.com/watch?v=NR7dG_m3MsI},
  urldate =	 {2024-08-21},
  note =	 {Roadrunner Records},
}



@online{ KKs-Priest-Keeper-Of-The-Graves-Official-Animated-ETC-Ver-2024,
  author =	 {KK's Priest},
  title =	 {Keeper~Of The~Graves (Official Animated Video)},
  year =	 2024,
  url =		 {https://www.youtube.com/watch?v=X-aWOR431eU},
  urldate =	 {2025-05-17},
  note =	 {Napalm Records},
}



@online{ Michael-Schanker-Fest-Take-Me-To-The-Church-ETC-Ver-2018,
  author =	 {Michale Schanker Fest},
  title =	 {Take Me To The Church (Official Music Video)},
  year =	 2018,
  url =		 {https://www.youtube.com/watch?v=9o34ooePv-E},
  urldate =	 {2024-08-15},
  note =	 {Reigning Phoenix Music},
}



@online{ MSG-Sail-The-Darkness-ETC-Ver-2018,
  author =	 {MSG},
  title =	 {Sail The Darkness (Official Lyric Video)},
  year =	 2021,
  url =		 {https://www.youtube.com/watch?v=8lss0xI2HaA},
  urldate =	 {2024-08-21},
  note =	 {Reigning Phoenix Music},
}



@online{ Orions-Reign-and-Minniva-Nostos-Official-Video-Ver-2018,
  author =	 {Orion's Reign and Minniva},
  title =	 {Nostos (Official Video)},
  year =	 2018,
  url =		 {https://www.youtube.com/watch?v=G4BrWkh6rkY},
  urldate =	 {2025-06-15},
  note =	 {Orion's Reign},
}



@online{ Pantera-Cemetery-Gates-Official-Music-Video-Ver-2009,
  author =	 {Pantera},
  title =	 {Cemetery Gates (Official Music Video)},
  year =	 2009,
  url =		 {https://www.youtube.com/watch?v=RVMvART9kb8},
  urldate =	 {2025-02-19},
}



@online{ Sanctuary-Future-Tense-Ver-2009,
  author =	 {Sanctuary},
  title =	 {Future Tense},
  year =	 2009,
  url =		 {https://www.youtube.com/watch?v=v5NCBaPE3k0},
  urldate =	 {2024-08-22},
  note =	 {SanctuaryVEVO},
}



@online{ Skid-Row-18-And-Life-Official-Music-Video-Ver-2019,
  author =	 {Skid Row},
  title =	 {18~And Life (Official Music Video)},
  year =	 2019,
  url =		 {https://www.youtube.com/watch?v=Ghd2bkIadG4},
  urldate =	 {2024-08-24},
  note =	 {RHINO},
}



@online{ Sum-41-Pain-For-Pleasure-Ver-2009,
  author =	 {Sum 41},
  title =	 {Pain For Pleasure},
  year =	 2009,
  url =		 {https://www.youtube.com/watch?v=1Bl08yf0hOU},
  urldate =	 {2025-07-25},
}



@online{ Twisted-Sister-Burn-in-Hell-Ver-2015,
  author =	 {Twisted Sister},
  title =	 {Burn in~Hell},
  year =	 2015,
  url =		 {https://www.youtube.com/watch?v=0HWxFeqUxms},
  urldate =	 {2024-08-21},
}



@online{ Twisted-Sister-The-Price-Official-Music-Video-Ver-2010,
  author =	 {Twisted Sister},
  title =	 {The Price (Official Music Video)},
  year =	 2010,
  url =		 {https://www.youtube.com/watch?v=UpfZcEjopYE},
  urldate =	 {2024-08-21},
}










@Comment #############################################################
@Comment Beast in Black
@Comment #############################################################


@online{ Beast-in-Black-Cry-Out-For-A-Hero-Official-Video-Ver-2019,
  author =	 {Beast in Black},
  title =	 {Cry Out For A~Hero (Official Video)},
  year =	 2019,
  url =		 {https://www.youtube.com/watch?v=KCJooj3hdzQ},
  urldate =	 {2025-02-09},
  note =	 {Nuclear Blast Records},
}



@online{ Beast-in-Black-Born-Again-Official-lyric-video-Ver-2017,
  author =	 {Beast in Black},
  title =	 {Born Again (Official lyric video)},
  year =	 2017,
  url =		 {https://www.youtube.com/watch?v=TZcWVsDSqpE},
  urldate =	 {2024-08-28},
  note =	 {Nuclear Blast Records},
}



@online{ Beast-in-Black-Broken-Survivors-ETC-Ver-2022,
  author =	 {Beast in Black},
  title =	 {Broken Survivors (Official lyric video)},
  year =	 2022,
  url =		 {https://www.youtube.com/watch?v=Hm1eWYDNSNk},
  urldate =	 {2024-08-21},
  note =	 {Nuclear Blast Records},
}



@online{ Beast-in-Black-Power-Of-The-Beast-ETC-Ver-2024,
  author =	 {Beast in Black},
  title =	 {Power~Of The~Beast (Official Music Video)},
  year =	 2024,
  url =		 {https://www.youtube.com/watch?v=Ui_eoW3BXGI},
  urldate =	 {2024-08-16},
  note =	 {Nuclear Blast Records},
}










@Comment #############################################################
@Comment Black Sabbath
@Comment #############################################################


@online{ Black-Sabbath-Headless-Cross-Official-HD-Video-Ver-2024,
  author =	 {Black Sabbath},
  title =	 {Headless Cross (Official HD Video)},
  year =	 2024,
  url =		 {https://www.youtube.com/watch?v=VwEWf3RXseg},
  urldate =	 {2024-11-04},
  note =	 {Tony Iommi},
}










@Comment #############################################################
@Comment Blind Guardian
@Comment #############################################################


@online{ Blind-Guardian-The-Curse-of-Feanor-ETC-Ver-2019,
  author =	 {Blind Guardian},
  title =	 {The~Curse~of Feanor (Remastered 2007)},
  year =	 2019,
  url =		 {https://www.youtube.com/watch?v=TSZ7f0Yy-4M},
  urldate =	 {2025-02-09},
}










@Comment #############################################################
@Comment Cederick / Blazon Stone
@Comment #############################################################


@online{ Blazon-Stone-Raiders-Of-Jolly-Roger-Ver-2021,
  author =	 {Blazon Stone},
  title =	 {Raiders~Of Jolly Roger},
  year =	 2021,
  url =		 {https://www.youtube.com/watch?v=g3yjnpQhf4M},
  urldate =	 {2024-08-18},
  note =	 {Cederick / Blazon Stone},
}



@online{ Blazon-Stone-Stand-Your-Line-ETC-Ver-2021,
  author =	 {Blazon Stone},
  title =	 {Stand Your Line (feat. Erik Nordkvist)},
  year =	 2020,
  url =		 {https://www.youtube.com/watch?v=wWZZ-lcAdag},
  urldate =	 {2024-08-21},
  note =	 {Cederick / Blazon Stone},
}



@online{ Blazon-Stone-The-Hussar-Running-Wild-Cover-Ver-2021,
  author =	 {Blazon Stone},
  title =	 {The Hussar (Running Wild Cover)},
  year =	 2021,
  url =		 {https://www.youtube.com/watch?v=H3FjBzFv1lo},
  urldate =	 {2025-01-24},
  note =	 {Cederick / Blazon Stone},
}



@online{ Collaboration-Black-Hand-Inn-30-Year-Anniversary-ETC-Ver-2024,
  author =	 {Collaboration},
  title =	 {Black Hand Inn~-- 30~Year Anniversary Tribute},
  year =	 2024,
  url =		 {https://www.youtube.com/watch?v=3VtMhxwixPQ},
  urldate =	 {2025-05-20},
  note =	 {Cederick / Blazon Stone},
}










@Comment #############################################################
@Comment Covers
@Comment #############################################################


@online{ Amaranthe-82nd-All-The-Way-Official-music-video-Ver-2024,
  author =	 {Amarathe},
  title =	 {82nd All The Way (Official music video)},
  year =	 2024,
  url =		 {https://www.youtube.com/watch?v=XhepwtKR5lg},
  urldate =	 {2024-11-16},
  note =	 {Nuclear Blast Records},
}



@online{ Atheist-et-el-Judas-Priest-Ram-It-Down-Ver-2021,
  author =	 {Atheist and Cattle Decapitation and Trillionaire and
                  Toxik},
  title =	 {Judas Priest "Ram It Down"},
  year =	 2021,
  url =		 {https://www.youtube.com/watch?v=4rsWgCAek_E},
  urldate =	 {2024-08-13},
  note =	 {Metal Injection},
}



@online{ BabySaster-Yngwie-Malmsteen-Rising-Force-Cover-ETC-Ver-2017,
  author =	 {BabySaster},
  title =	 {Yngwie Malmsteen~-- Rising Force; Vocal +~guitar
                  cover; BabySaster \&~Arpie Gamson},
  year =	 2017,
  url =		 {https://www.youtube.com/watch?v=XhepwtKR5lg},
  urldate =	 {2024-11-16},
}



@online{ Huxtable-Running-Wild-Genesis-ETC-Ver-2018,
  author =	 {Jesse Huxtable},
  title =	 {Running Wild~-- Genesis (Guitar Cover)},
  year =	 2018,
  url =		 {https://www.youtube.com/watch?v=pOevYMOzzBI},
  urldate =	 {2025-01-03},
}



@online{ Koen-Creeping-Death-by-Metallica-High-School-ETC-Ver-2023,
  author =	 {Koen},
  title =	 {Creeping Death by~Metallica~-- High School Talent Show},
  year =	 2023,
  url =		 {https://www.youtube.com/watch?v=qPRwJ4g8aFs},
  urldate =	 {2025-06-14},
}



@online{ Mendes-Phantom-Of-The-Opera-IRON-MAIDEN-Cover-ETC-Ver-2024,
  author =	 {Raphael Mendes},
  title =	 {Phantom Of~The~Opera~-- IRON MAIDEN Cover [A~tribute
                  to Paul Di'Anno]},
  year =	 2024,
  url =		 {https://www.youtube.com/watch?v=nHpe-_Qqa14},
  urldate =	 {2024-12-22},
}



@online{ Up-the-Jolly-Roger-Calico-Jack-Running-Wild-cover-ETC-Ver-2015,
  author =	 {Up the~Jolly Roger},
  title =	 {Calico Jack~-- Running Wild cover by~Jolly Roger
                  (non ancora)},
  year =	 2015,
  url =		 {https://www.youtube.com/watch?v=DtDykxIZjDg},
  urldate =	 {2025-02-06},
}










@Comment #########################################
@Comment Julio Puerta's covers
@Comment #########################################


@online{ Puerta-Princess-of-the-Night-Saxon-cover-ETC-Ver-2018,
  author =	 {Julio Puerta},
  title =	 {Princess~of the~Night (Saxon Cover)},
  year =	 2018,
  url =		 {https://www.youtube.com/watch?v=7RUfVUT6XLk},
  urldate =	 {2025-02-19},
}



@online{ Puerta-Victory-Running-Wild-cover-ETC-Ver-2025,
  author =	 {Julio Puerta},
  title =	 {Victory (Running Wild Cover)},
  year =	 2025,
  url =		 {https://www.youtube.com/watch?v=DtDykxIZjDg},
  urldate =	 {2025-02-19},
}










@Comment #############################################################
@Comment Crazy Lixx
@Comment #############################################################


@online{ Crazy-Lixx-Lock-Up-Your-Daughter-UST-Highlander-1986-Ver-2023,
  author =	 {Crazy Lixx},
  title =	 {Lock Up Your Daughter [UST] "Highlander" (1986)},
  year =	 2023,
  url =		 {https://www.youtube.com/watch?v=u-YERVguuTY},
  urldate =	 {2025-02-26},
}



@online{ Crazy-Lixx-Run-Run-Wild-UST-Cobra-1986-Ver-2025,
  author =	 {Crazy Lixx},
  title =	 {Run Run Wild [UST] "Cobra" (1986)},
  year =	 2025,
  url =		 {https://www.youtube.com/watch?v=_BQiy8gAPp8},
  urldate =	 {2025-03-08},
}










@Comment #############################################################
@Comment DragonForce
@Comment #############################################################


@online{ DragonForce-Strangers-Official-Video-ETC-Ver-2021,
  author =	 {DragonForce},
  title =	 {Strangers (Official Video~-- Extreme Power Metal)},
  year =	 2021,
  url =		 {https://www.youtube.com/watch?v=eZH1tnWyrRY},
  urldate =	 {2024-08-18},
}










@Comment #############################################################
@Comment Emberstoke
@Comment #############################################################


@online{ Emberstoke-Prophets-Of-The-Past-Ver-2024,
  author =	 {Emberstoke},
  title =	 {Prophets~Of The~Past},
  note =	 {Entropic Condition},
  year =	 2024,
  url =		 {https://www.youtube.com/watch?v=cyq7WS9jqco},
  urldate =	 {2024-11-22},
}



@online{ Emberstoke-For-Faiths-Sake-Ver-2024,
  author =	 {Emberstoke},
  title =	 {For Faith's Sake},
  note =	 {Entropic Condition},
  year =	 2024,
  url =		 {https://www.youtube.com/watch?v=qp9h6iSPinM},
  urldate =	 {2024-11-22},
}



@online{ Emberstoke-Enslaved-Ver-2024,
  author =	 {Emberstoke},
  title =	 {Enslaved},
  note =	 {Entropic Condition},
  year =	 2024,
  url =		 {https://www.youtube.com/watch?v=3yZEwe-C0bo},
  urldate =	 {2024-11-22},
}



@online{ Emberstoke-Travestiny-Ver-2024,
  author =	 {Emberstoke},
  title =	 {Travestiny},
  note =	 {Entropic Condition},
  year =	 2024,
  url =		 {https://www.youtube.com/watch?v=dv_zYVYpI94},
  urldate =	 {2024-11-22},
}



@online{ Emberstoke-Phoenix-Ver-2024,
  author =	 {Emberstoke},
  title =	 {Phoenix},
  note =	 {Entropic Condition},
  year =	 2024,
  url =		 {https://www.youtube.com/watch?v=CqMobG5CSkA},
  urldate =	 {2024-11-24},
}



@online{ Emberstoke-Squeeze-The-Day-Ver-2024,
  author =	 {Emberstoke},
  title =	 {Squeeze The~Day},
  note =	 {Entropic Condition},
  year =	 2024,
  url =		 {https://www.youtube.com/watch?v=KG9O3D81WT0},
  urldate =	 {2024-11-28},
}



@online{ Emberstoke-Memories-Ver-2024,
  author =	 {Emberstoke},
  title =	 {Memories},
  note =	 {Entropic Condition},
  year =	 2024,
  url =		 {https://www.youtube.com/watch?v=7Qxtt7ZshSw},
  urldate =	 {2024-11-29},
}



@online{ Emberstoke-Memories-Official-Music-Video-Ver-2024,
  author =	 {Emberstoke},
  title =	 {Memories (Official Music Video)},
  note =	 {Entropic Condition},
  year =	 2024,
  url =		 {https://www.youtube.com/watch?v=_LH1QnOoceE},
  urldate =	 {2024-09-08},
}



@online{ Emberstoke-Wishing-Well-Ver-2024,
  author =	 {Emberstoke},
  title =	 {Wishing Well},
  note =	 {Entropic Condition},
  year =	 2024,
  url =		 {https://www.youtube.com/watch?v=XY_HTpdALL0},
  urldate =	 {2024-11-29},
}



@online{ Emberstoke-Theatre-Of-Men-Ver-2024,
  author =	 {Emberstoke},
  title =	 {Theatre~Of Men},
  note =	 {Entropic Condition},
  year =	 2024,
  url =		 {https://www.youtube.com/watch?v=FlwilkNASMk},
  urldate =	 {2024-11-30},
}



@online{ Emberstoke-Hidden-Remorse-Ver-2024,
  author =	 {Emberstoke},
  title =	 {Theatre~Of Men},
  note =	 {Entropic Condition},
  year =	 2024,
  url =		 {https://www.youtube.com/watch?v=LXPOXiCjqKo},
  urldate =	 {2024-11-30},
}



@online{ Emberstoke-Travestiny-Official-Lyric-Video-Ver-2025,
  author =	 {Emberstoke},
  title =	 {Travestiny (Official Lyric Video)},
  note =	 {Entropic Condition},
  year =	 2025,
  url =		 {https://www.youtube.com/watch?v=YLLM7bqfMq4},
  urldate =	 {2025-01-11},
}










@Comment #############################################################
@Comment Helloween
@Comment #############################################################


@online{ Helloween-Feat-of-the-Fallen-Official-Lyric-Ver-2024,
  author =	 {Helloween},
  title =	 {Fear~of the~Fallen (Official Lyric Video)},
  year =	 2021,
  url =		 {https://www.youtube.com/watch?v=P95N5j2i2yw},
  urldate =	 {2025-02-19},
}



@online{ Helloween-If-I-Could-Fly-Official-HD-video-Ver-2025,
  author =	 {Helloween},
  title =	 {If I~Could Fly (Official HD video)},
  year =	 2025,
  url =		 {https://www.youtube.com/watch?v=Vd88VR69d9I},
  urldate =	 {2025-05-04},
}










@Comment #########################################
@Comment "Keeper of the Seven Keys: Part I" album
@Comment #########################################


@online{ Helloween-Initation-Official-Audio-Ver-2023,
  author =	 {Helloween},
  title =	 {Initiation (Official Audion)},
  note =	 {Keeper~of the~Seven Keys: Part~I},
  year =	 2023,
  url =		 {https://www.youtube.com/watch?v=mzic4dfd208},
  urldate =	 {2025-04-16},
}



@online{ Helloween-Im-Alive-Ver-2021,
  author =	 {Helloween},
  title =	 {I'm Alive},
  note =	 {Keeper~of the~Seven Keys: Part~I},
  year =	 2021,
  url =		 {https://www.youtube.com/watch?v=lkWP3Mc91ac},
  urldate =	 {2025-04-16},
}



@online{ Helloween-A-Little-Time-Official-Audio-Ver-2023,
  author =	 {Helloween},
  title =	 {A~Little Time (Official Audio)},
  note =	 {Keeper~of the~Seven Keys: Part~I},
  year =	 2023,
  url =		 {https://www.youtube.com/watch?v=LtQ0VUIFM5E},
  urldate =	 {2025-04-16},
}



@online{ Helloween-Twilight-of-the-Gods-Official-Audio-Ver-2023,
  author =	 {Helloween},
  title =	 {Twilight~of the~Gods (Official Audio)},
  note =	 {Keeper~of the~Seven Keys: Part~I},
  year =	 2023,
  url =		 {https://www.youtube.com/watch?v=qk-FNnMzVAY},
  urldate =	 {2025-04-16},
}



@online{ Helloween-A-Tale-That-Wasnt-Right-Official-Audio-Ver-2023,
  author =	 {Helloween},
  title =	 {A~Tale That Wasn't Right (Official Audio)},
  note =	 {Keeper~of the~Seven Keys: Part~I},
  year =	 2023,
  url =		 {https://www.youtube.com/watch?v=JHzU5EpbxEE},
  urldate =	 {2025-04-16},
}



@online{ Helloween-Future-World-Official-Audio-Ver-2023,
  author =	 {Helloween},
  title =	 {Future World (Official Audio)},
  note =	 {Keeper~of the~Seven Keys: Part~I},
  year =	 2023,
  url =		 {https://www.youtube.com/watch?v=OFqdHvLyv50},
  urldate =	 {2025-04-16},
}



@online{ Helloween-Halloween-Official-Audio-Ver-2023,
  author =	 {Helloween},
  title =	 {Halloween (Official Audio)},
  note =	 {Keeper~of the~Seven Keys: Part~I},
  year =	 2023,
  url =		 {https://www.youtube.com/watch?v=k6fLKRp7M2c},
  urldate =	 {2025-04-25},
}



@online{ Helloween-Follow-the-Sign-Official-Audio-Ver-2023,
  author =	 {Helloween},
  title =	 {Follow the Sign (Official Audio)},
  note =	 {Keeper~of the~Seven Keys: Part~I},
  year =	 2023,
  url =		 {https://www.youtube.com/watch?v=-6og9DFmiuI},
  urldate =	 {2025-04-25},
}










@Comment #########################################
@Comment "Keeper of the Seven Keys: Part II" album
@Comment #########################################


@online{ Helloween-Invitation-Official-Audio-Ver-2023,
  author =	 {Helloween},
  title =	 {Invitation (Official Audio)},
  note =	 {Keeper~of the~Seven Keys: Part~II},
  year =	 2023,
  url =		 {https://www.youtube.com/watch?v=NVJMmfO20mA},
  urldate =	 {2025-05-19},
}



@online{ Helloween-Eagle-Fly-Free-Official-Audio-Ver-2023,
  author =	 {Helloween},
  title =	 {Eagle Fly Free (Official Audio)},
  note =	 {Keeper~of the~Seven Keys: Part~II},
  year =	 2023,
  url =		 {https://www.youtube.com/watch?v=rKReoD7Y_wk},
  urldate =	 {2025-05-17},
}



@online{ Helloween-You-Always-Walk-Alone-Official-Audio-Ver-2023,
  author =	 {Helloween},
  title =	 {You Always Walk Alone (Official Audio)},
  note =	 {Keeper~of the~Seven Keys: Part~II},
  year =	 2023,
  url =		 {https://www.youtube.com/watch?v=jlzYR13f51o},
  urldate =	 {2025-05-17},
}



@online{ Helloween-Rise-and-Fall-Official-Audio-Ver-2023,
  author =	 {Helloween},
  title =	 {Rise and Fall (Official Audio)},
  note =	 {Keeper~of the~Seven Keys: Part~II},
  year =	 2023,
  url =		 {https://www.youtube.com/watch?v=Pw7-OyxMev4},
  urldate =	 {2025-05-18},
}



@online{ Helloween-Dr-Stein-Ver-2024,
  author =	 {Helloween},
  title =	 {Dr. Stein},
  note =	 {Keeper~of the~Seven Keys: Part~II},
  year =	 2024,
  url =		 {https://www.youtube.com/watch?v=CVhd0QEzxAM},
  urldate =	 {2025-05-27},
}



@online{ Helloween-We-Got-the-Right-Ver-2024,
  author =	 {Helloween},
  title =	 {We Got the~Right},
  note =	 {Keeper~of the~Seven Keys: Part~II},
  year =	 2024,
  url =		 {https://www.youtube.com/watch?v=ULjy3KM8XlQ},
  urldate =	 {2025-05-28},
}



@online{ Helloween-March-of-time-Official-Audio-Ver-2023,
  author =	 {Helloween},
  title =	 {March of time (Official Audio)},
  note =	 {Keeper~of the~Seven Keys: Part~II},
  year =	 2023,
  url =		 {https://www.youtube.com/watch?v=L8dSjRw_GIE},
  urldate =	 {2025-06-06},
}



@online{ Helloween-I-Want-Out-Official-HD-video-Ver-2025,
  author =	 {Helloween},
  title =	 {I~Want Out (Official HD video)},
  note =	 {Keeper~of the~Seven Keys: Part~II},
  year =	 2025,
  url =		 {https://www.youtube.com/watch?v=LZ6YKR6K_zU},
  urldate =	 {2025-06-06},
}



@online{ Helloween-I-Want-Out-Official-HD-video-Ver-2025,
  author =	 {Helloween},
  title =	 {I~Want Out (Official HD video)},
  note =	 {Keeper~of the~Seven Keys: Part~II},
  year =	 2025,
  url =		 {https://www.youtube.com/watch?v=LZ6YKR6K_zU},
  urldate =	 {2025-06-06},
}



@online{ Helloween-Keeper-of-the-Seven-Keys-Ver-2025,
  author =	 {Helloween},
  title =	 {Keeper~of the~Seven Keys},
  note =	 {Keeper~of the~Seven Keys: Part~II},
  year =	 2024,
  url =		 {https://www.youtube.com/watch?v=sOnrRFd3Juk},
  urldate =	 {2025-06-17},
}










@Comment #########################################
@Comment "Master of the Rings" album
@Comment #########################################


@online{ Helloween-Irritation-Weik-Editude-112-in-C-Ver-2021,
  author =	 {Helloween},
  title =	 {Irritation (Weik Editude 112 in~C)},
  note =	 {Master~of the~Rings},
  year =	 2021,
  url =		 {https://www.youtube.com/watch?v=R86Igts2C5g},
  urldate =	 {2025-02-25},
}



@online{ Helloween-Sole-Survivor-Ver-2021,
  author =	 {Helloween},
  title =	 {Sole Survivor},
  note =	 {Master~of the~Rings},
  year =	 2021,
  url =		 {https://www.youtube.com/watch?v=rhxG1ik0dwI},
  urldate =	 {2025-02-25},
}



@online{ Helloween-Where-The-Rain-Grows-Official-Music-Video-Ver-2025,
  author =	 {Helloween},
  title =	 {Where The~Rain Grows (Official HD Video)},
  note =	 {Master~of the~Rings},
  year =	 2025,
  url =		 {https://www.youtube.com/watch?v=adTP-EAUiOQ},
  urldate =	 {2025-03-07},
}



@online{ Helloween-Why-Ver-2021,
  author =	 {Helloween},
  title =	 {Why?},
  note =	 {Master~of the~Rings},
  year =	 2021,
  url =		 {https://www.youtube.com/watch?v=gSxyOzVFPBg},
  urldate =	 {2025-02-26},
}



@online{ Helloween-Mr-Ego-Take-Me-Down-Ver-2021,
  author =	 {Helloween},
  title =	 {Mr. Ego (Take Me Down)},
  note =	 {Master~of the~Rings},
  year =	 2021,
  url =		 {https://www.youtube.com/watch?v=I5dv2TK0Ck0},
  urldate =	 {2025-02-26},
}



@online{ Helloween-Perfect-Gentleman-Official-HD-Video-Ver-2025,
  author =	 {Helloween},
  title =	 {Perfect Gentleman (Official HD Video)},
  note =	 {Master~of the~Rings},
  year =	 2025,
  url =		 {https://www.youtube.com/watch?v=tQ0kHaPKtsU},
  urldate =	 {2025-03-04},
}



@online{ Helloween-The-Game-Is-On-Ver-2021,
  author =	 {Helloween},
  title =	 {The~Game Is~On},
  note =	 {Master~of the~Rings},
  year =	 2021,
  url =		 {https://www.youtube.com/watch?v=lpTl0YKC0AU},
  urldate =	 {2025-03-04},
}



@online{ Helloween-Secret-Alibi-Ver-2021,
  author =	 {Helloween},
  title =	 {Secret Alibi},
  note =	 {Master~of the~Rings},
  year =	 2021,
  url =		 {https://www.youtube.com/watch?v=sTy7nSRO424},
  urldate =	 {2025-03-04},
}



@online{ Helloween-Take-Me-Home-Ver-2021,
  author =	 {Helloween},
  title =	 {Take Me~Home},
  note =	 {Master~of the~Rings},
  year =	 2021,
  url =		 {https://www.youtube.com/watch?v=yuqZxssNP2U},
  urldate =	 {2025-03-04},
}



@online{ Helloween-In-the-Middle-of-a-Heartbeat-Ver-2021,
  author =	 {Helloween},
  title =	 {In the~Middle~of a~Hearbeat},
  note =	 {Master~of the~Rings},
  year =	 2021,
  url =		 {https://www.youtube.com/watch?v=xbVKYy8O_U8},
  urldate =	 {2025-03-04},
}



@online{ Helloween-Still-We-Go-Ver-2021,
  author =	 {Helloween},
  title =	 {Still We Go},
  note =	 {Master~of the~Rings},
  year =	 2021,
  url =		 {https://www.youtube.com/watch?v=ZBzXalA7uuE},
  urldate =	 {2025-03-08},
}










@Comment #########################################
@Comment "Better Than Raw" album
@Comment #########################################



@online{ Helloween-Deliberately-Limited-Preliminary-Prelude-ETC-Ver-2016,
  author =	 {Helloween},
  title =	 {Deliberately Limited Preliminary Prelude In~Z},
  note =	 {Better Than Raw},
  year =	 2016,
  url =		 {https://www.youtube.com/watch?v=Y6JfOz3m28Q},
  urldate =	 {2025-03-08},
}



@online{ Helloween-Push-Ver-2016,
  author =	 {Helloween},
  title =	 {Push},
  note =	 {Better Than Raw},
  year =	 2016,
  url =		 {https://www.youtube.com/watch?v=9MM6ja0ixQc},
  urldate =	 {2025-03-19},
}



@online{ Helloween-Falling-Higher-Ver-2016,
  author =	 {Helloween},
  title =	 {Falling Higher},
  note =	 {Better Than Raw},
  year =	 2016,
  url =		 {https://www.youtube.com/watch?v=9MM6ja0ixQc},
  urldate =	 {2025-03-19},
}



@online{ Helloween-Hey-Lord-Ver-2016,
  author =	 {Helloween},
  title =	 {Hey Lord!},
  note =	 {Better Than Raw},
  year =	 2016,
  url =		 {https://www.youtube.com/watch?v=TbvZHPOADFA},
  urldate =	 {2025-03-19},
}



@online{ Helloween-Dont-Spite-On-My-Mind-Ver-2016,
  author =	 {Helloween},
  title =	 {Don't Spite On My Mind},
  note =	 {Better Than Raw},
  year =	 2016,
  url =		 {https://www.youtube.com/watch?v=2KxrJvhH5IA},
  urldate =	 {2025-03-19},
}



@online{ Helloween-Revelation-Ver-2016,
  author =	 {Helloween},
  title =	 {Revelation},
  note =	 {Better Than Raw},
  year =	 2016,
  url =		 {https://www.youtube.com/watch?v=GbYX_bj2MVw},
  urldate =	 {2025-03-19},
}



@online{ Helloween-Time-Ver-2016,
  author =	 {Helloween},
  title =	 {Time},
  note =	 {Better Than Raw},
  year =	 2016,
  url =		 {https://www.youtube.com/watch?v=Ysxdw-YCf0I},
  urldate =	 {2025-03-20},
}



@online{ Helloween-I-Can-Ver-2016,
  author =	 {Helloween},
  title =	 {I~Can},
  note =	 {Better Than Raw},
  year =	 2016,
  url =		 {https://www.youtube.com/watch?v=20jfUwxD--8},
  urldate =	 {2025-03-20},
}



@online{ Helloween-A-Handful-of-Pain-Ver-2016,
  author =	 {Helloween},
  title =	 {A~Handful~of Pain},
  note =	 {Better Than Raw},
  year =	 2016,
  url =		 {https://www.youtube.com/watch?v=f7R772vvYyc},
  urldate =	 {2025-03-20},
}



@online{ Helloween-Lavdate-Dominum-Ver-2016,
  author =	 {Helloween},
  title =	 {Lavdate Dominum},
  note =	 {Better Than Raw},
  year =	 2016,
  url =		 {https://www.youtube.com/watch?v=mXSI5Vb0zRk},
  urldate =	 {2025-03-23},
}



@online{ Helloween-Midnight-Sun-Ver-2016,
  author =	 {Helloween},
  title =	 {Midnight Sun},
  note =	 {Better Than Raw},
  year =	 2016,
  url =		 {https://www.youtube.com/watch?v=-vNTEN9jhME},
  urldate =	 {2025-03-25},
}










@Comment #############################################################
@Comment Iron Maiden
@Comment #############################################################


@Comment #########################################
@Comment "Iron Maiden" album
@Comment #########################################


@online{ Iron-Maiden-Prowler-Ver-2018,
  author =	 {Iron Maiden},
  title =	 {Prowler},
  note =	 {Iron Maiden},
  year =	 2018,
  url =		 {https://www.youtube.com/watch?v=7DcVwd31uC0},
  urldate =	 {2024-12-31},
}



@online{ Iron-Maiden-Remember-Tomorrow-Ver-2018,
  author =	 {Iron Maiden},
  title =	 {Remember Tomorrow},
  note =	 {Iron Maiden},
  year =	 2018,
  url =		 {https://www.youtube.com/watch?v=hvoStFJFTb8},
  urldate =	 {2024-12-31},
}



@online{ Iron-Maiden-Running-Free-Burning-Ambition-Ver-2015,
  author =	 {Iron Maiden},
  title =	 {Running Free/Burning Ambition},
  note =	 {Iron Maiden},
  year =	 2015,
  url =		 {https://www.youtube.com/watch?v=kbK9vqF8EOc},
  urldate =	 {2024-12-31},
}



@online{ Iron-Maiden-Phantom-of-the-Opera-Ver-2018,
  author =	 {Iron Maiden},
  title =	 {Phantom~of the~Opera},
  note =	 {Iron Maiden},
  year =	 2018,
  url =		 {https://www.youtube.com/watch?v=p2ct4xXak24},
  urldate =	 {2024-12-31},
}



@online{ Iron-Maiden-Transylvania-Ver-2018,
  author =	 {Iron Maiden},
  title =	 {Transylvania},
  note =	 {Iron Maiden},
  year =	 2018,
  url =		 {https://www.youtube.com/watch?v=7VyPuQXrDsI},
  urldate =	 {2024-12-31},
}



@online{ Iron-Maiden-Strange-World-Ver-2018,
  author =	 {Iron Maiden},
  title =	 {Strange World},
  note =	 {Iron Maiden},
  year =	 2018,
  url =		 {https://www.youtube.com/watch?v=e0nsNrrPfAU},
  urldate =	 {2024-12-31},
}



@online{ Iron-Maiden-Charlotte-the-Harlot-Ver-2018,
  author =	 {Iron Maiden},
  title =	 {Charlotte the~Harlot},
  note =	 {Iron Maiden},
  year =	 2018,
  url =		 {https://www.youtube.com/watch?v=0OEF5-fhNyQ},
  urldate =	 {2024-12-31},
}



@online{ Iron-Maiden-Iron-Maiden-Ver-2018,
  author =	 {Iron Maiden},
  title =	 {Iron Maiden},
  note =	 {Iron Maiden},
  year =	 2018,
  url =		 {https://www.youtube.com/watch?v=L3OHi_vw4jY},
  urldate =	 {2024-12-31},
}










@Comment #########################################
@Comment "Killers" album
@Comment #########################################


@online{ Iron-Maiden-The-Ides-of-March-Ver-2018,
  author =	 {Iron Maiden},
  title =	 {The~Ides~of March},
  note =	 {Killers},
  year =	 2018,
  url =		 {https://www.youtube.com/watch?v=rGJnjSATu50},
  urldate =	 {2025-06-14},
}



@online{ Iron-Maiden-Wrathchild-Ver-2017,
  author =	 {Iron Maiden},
  title =	 {Wrathchild},
  note =	 {Killers},
  year =	 2017,
  url =		 {https://www.youtube.com/watch?v=ePMgqspX1EI},
  urldate =	 {2025-06-14},
}

@Comment "Another Life", "Killers" and other songs are missing


@online{ Iron-Maiden-Murders-in-the-Rue-Morgue-Ver-2018,
  author =	 {Iron Maiden},
  title =	 {Murders in the~Rue Morgue},
  note =	 {Killers},
  year =	 2018,
  url =		 {https://www.youtube.com/watch?v=RaZRQT8WNOA},
  urldate =	 {2025-06-14},
}



@online{ Iron-Maiden-Genghis-Khan-Ver-2018,
  author =	 {Iron Maiden},
  title =	 {Genghis Khan},
  note =	 {Killers},
  year =	 2018,
  url =		 {https://www.youtube.com/watch?v=bcRLbh5CYek},
  urldate =	 {2025-06-14},
}



@online{ Iron-Maiden-Innocent-Exile-Ver-2018,
  author =	 {Iron Maiden},
  title =	 {Innocent Exile},
  note =	 {Killers},
  year =	 2018,
  url =		 {https://www.youtube.com/watch?v=T7feo4E57GQ},
  urldate =	 {2025-06-14},
}



@online{ Iron-Maiden-Purgatory-Genghis-Khan-Ver-2015,
  author =	 {Iron Maiden},
  title =	 {Purgatory / Genghis Khan},
  note =	 {Killers},
  year =	 2015,
  url =		 {https://www.youtube.com/watch?v=ie7GZGdgdPQ},
  urldate =	 {2025-06-14},
}










@Comment #########################################
@Comment "The Number of the Beast" album
@Comment #########################################

@Comment Some song are missings

@online{ Iron-Maiden-Children-of-the-Damned-Ver-2017,
  author =	 {Iron Maiden},
  title =	 {Children~of the~Damned},
  note =	 {The~Number~of the Beast},
  year =	 2017,
  url =		 {https://www.youtube.com/watch?v=wsuj2uhGBvY},
  urldate =	 {2025-06-14},
}



@online{ Iron-Maiden-The-Number-Of-The-Beast-Official-Video-Ver-2015,
  author =	 {Iron Maiden},
  title =	 {The~Number~Of The Beast (Official Video)},
  note =	 {The~Number~of the Beast},
  year =	 2015,
  url =		 {https://www.youtube.com/watch?v=WxnN05vOuSM},
  urldate =	 {2025-06-14},
}



@online{ Iron-Maiden-Run-To-The-Hills-Ver-2015,
  author =	 {Iron Maiden},
  title =	 {Run~To The~Hills (Official Video)},
  note =	 {The~Number~of the Beast},
  year =	 2015,
  url =		 {https://www.youtube.com/watch?v=86URGgqONvA},
  urldate =	 {2025-06-14},
}



@online{ Iron-Maiden-Gangland-Ver-2018,
  author =	 {Iron Maiden},
  title =	 {Gangland},
  note =	 {The~Number~of the Beast},
  year =	 2018,
  url =		 {https://www.youtube.com/watch?v=YMIKgVnB0ig},
  urldate =	 {2025-06-14},
}



@online{ Iron-Maiden-Hallowed-Be-Thy-Name-Ver-2018,
  author =	 {Iron Maiden},
  title =	 {Hallowed Be Thy Name},
  note =	 {The~Number~of the Beast},
  year =	 2018,
  url =		 {https://www.youtube.com/watch?v=HAQQUDbuudY},
  urldate =	 {2025-06-14},
}










@Comment #########################################
@Comment "Piece~of Mind" album
@Comment #########################################


@online{ Iron-Maiden-Where-Eagles-Dare-Ver-2018,
  author =	 {Iron Maiden},
  title =	 {Where Eagles Dare},
  note =	 {Piece~of Mind},
  year =	 2018,
  url =		 {https://www.youtube.com/watch?v=NGqbJiq675s},
  urldate =	 {2025-06-17},
}



@online{ Iron-Maiden-Revelations-Ver-2018,
  author =	 {Iron Maiden},
  title =	 {Revelations},
  note =	 {Piece~of Mind},
  year =	 2018,
  url =		 {https://www.youtube.com/watch?v=ClUB7_8xjEw},
  urldate =	 {2025-06-17},
}



@online{ Iron-Maiden-Flight-Of-Icarus-Official-Video-Ver-2015,
  author =	 {Iron Maiden},
  title =	 {Flight~Of Icarus (Official Video)},
  note =	 {Piece~of Mind},
  year =	 2015,
  url =		 {https://www.youtube.com/watch?v=p4w2BZXL6Ss},
  urldate =	 {2025-06-17},
}



@online{ Iron-Maiden-Die-with-Your-Boots-On-Ver-2018,
  author =	 {Iron Maiden},
  title =	 {Die with Your Boots~On},
  note =	 {Piece~of Mind},
  year =	 2018,
  url =		 {https://www.youtube.com/watch?v=LfOXu6l3WTQ},
  urldate =	 {2025-06-17},
}



@online{ Iron-Maiden-The-Trooper-Official-Video-Ver-2015,
  author =	 {Iron Maiden},
  title =	 {The~Trooper},
  note =	 {Piece~of Mind},
  year =	 2015,
  url =		 {https://www.youtube.com/watch?v=X4bgXH3sJ2Q},
  urldate =	 {2025-06-17},
}



@online{ Iron-Maiden-Still-Life-Ver-2018,
  author =	 {Iron Maiden},
  title =	 {Still Life},
  note =	 {Piece~of Mind},
  year =	 2018,
  url =		 {https://www.youtube.com/watch?v=eU0bfjkzwg0},
  urldate =	 {2025-06-17},
}



@online{ Iron-Maiden-Quest-for-Fire-Ver-2018,
  author =	 {Iron Maiden},
  title =	 {Quest for~Fire},
  note =	 {Piece~of Mind},
  year =	 2018,
  url =		 {https://www.youtube.com/watch?v=W-ybpCnnMuE},
  urldate =	 {2025-06-17},
}



@online{ Iron-Maiden-Sun-and-Steel-Ver-2018,
  author =	 {Iron Maiden},
  title =	 {Sun and~Steel},
  note =	 {Piece~of Mind},
  year =	 2018,
  url =		 {https://www.youtube.com/watch?v=aOKJIynZlZ0},
  urldate =	 {2025-06-17},
}



@online{ Iron-Maiden--Ver-2018,
  author =	 {Iron Maiden},
  title =	 {To~Tame a~Land},
  note =	 {Piece~of Mind},
  year =	 2018,
  url =		 {https://www.youtube.com/watch?v=OtG5bXF0DZM},
  urldate =	 {2025-06-17},
}










@Comment #########################################
@Comment "Powerslave" album
@Comment #########################################


@online{ Iron-Maiden-Aces-High-Official-Video-Ver-2015,
  author =	 {Iron Maiden},
  title =	 {Aces High (Official Video)},
  note =	 {Powerslave},
  year =	 2015,
  url =		 {https://www.youtube.com/watch?v=Xg9aQvjMS60},
  urldate =	 {2025-04-09},
}



@online{ Iron-Maiden-2-Minutes-To-Midnight-Official-Video-Ver-2015,
  author =	 {Iron Maiden},
  title =	 {2~Minutes To~Midnight (Official Video)},
  note =	 {Powerslave},
  year =	 2015,
  url =		 {https://www.youtube.com/watch?v=9qbRHY1l0vc},
  urldate =	 {2025-04-26},
}



@online{ Iron-Maiden-Losfer-Words-Big-Orra-Ver-2018,
  author =	 {Iron Maiden},
  title =	 {Losfer Words (Big 'Orra)},
  note =	 {Powerslave},
  year =	 2018,
  url =		 {https://www.youtube.com/watch?v=7mMqOmeyzPU},
  urldate =	 {2025-04-26},
}



@online{ Iron-Maiden-Flash-of-the-Blade-Ver-2018,
  author =	 {Iron Maiden},
  title =	 {Flash~of the~Blade},
  note =	 {Powerslave},
  year =	 2018,
  url =		 {https://www.youtube.com/watch?v=Qx0s8OqgBIw},
  urldate =	 {2025-04-26},
}



@online{ Iron-Maiden-The-Duellists-Ver-2018,
  author =	 {Iron Maiden},
  title =	 {The~Duellists},
  note =	 {Powerslave},
  year =	 2018,
  url =		 {https://www.youtube.com/watch?v=zMuFcsl1a2Y},
  urldate =	 {2025-04-29},
}



@online{ Iron-Maiden-Back-in-the-Village-Ver-2018,
  author =	 {Iron Maiden},
  title =	 {Back in the~Village},
  note =	 {Powerslave},
  year =	 2018,
  url =		 {https://www.youtube.com/watch?v=Sr3ZdgIdmDw},
  urldate =	 {2025-04-29},
}



@online{ Iron-Maiden-Powerslave-Ver-2018,
  author =	 {Iron Maiden},
  title =	 {Powerslave},
  note =	 {Powerslave},
  year =	 2018,
  url =		 {https://www.youtube.com/watch?v=Mw-o_cSdqmI},
  urldate =	 {2025-04-29},
}



@online{ Iron-Maiden-Rime-of-the-Ancient-Mariner-Ver-2018,
  author =	 {Iron Maiden},
  title =	 {Rime~of the~Ancient Mariner},
  note =	 {Powerslave},
  year =	 2018,
  url =		 {https://www.youtube.com/watch?v=OSDZj_jh5cE},
  urldate =	 {2025-05-01},
}










@Comment #########################################
@Comment "Somewhere in Time" album
@Comment #########################################


@online{ Iron-Maiden-Wasted-Years-Official-Video-Ver-2015,
  author =	 {Iron Maiden},
  title =	 {Wasted Years (Official Video)},
  note =	 {Somewhere in Time},
  year =	 2015,
  url =		 {https://www.youtube.com/watch?v=Ij99dud8-0A},
  urldate =	 {2024-10-15},
}



@online{ Iron-Maiden-Sea-of-Madness-Ver-2018,
  author =	 {Iron Maiden},
  title =	 {Sea of Madness},
  year =	 2018,
  url =		 {https://www.youtube.com/watch?v=vgPV-fHeXeU},
  urldate =	 {2024-10-15},
}



@online{ Iron-Maiden-Heaven-Can-Wait-Ver-2018,
  author =	 {Iron Maiden},
  title =	 {Heaven Can Wait},
  year =	 2018,
  url =		 {https://www.youtube.com/watch?v=tAY2woGdN8M},
  urldate =	 {2024-10-15},
}










































@Comment #########################################
@Comment "No Prayer for the Dying" album
@Comment #########################################


@online{ Iron-Maiden-Tailgunner-Ver-2009,
  author =	 {Iron Maiden},
  title =	 {Tailgunner (Official Video)},
  note =	 {No Prayer for the~Dying},
  year =	 2009,
  url =		 {https://www.youtube.com/watch?v=YbMGXXrF7ac},
  urldate =	 {2025-03-14},
}



@online{ Iron-Maiden-Tailgunner-Ver-2015,
  author =	 {Iron Maiden},
  title =	 {Holy Smoke (Official Video)},
  note =	 {No Prayer for the~Dying},
  year =	 2015,
  url =		 {https://www.youtube.com/watch?v=xPV4jlOlWjA},
  urldate =	 {2025-03-14},
}



@online{ Iron-Maiden-No-Prayer-for-the-Dying-Ver-2018,
  author =	 {Iron Maiden},
  title =	 {No Prayer for the~Dying},
  note =	 {No Prayer for the~Dying},
  year =	 2018,
  url =		 {https://www.youtube.com/watch?v=QonEs-Teci4},
  urldate =	 {2025-03-14},
}



@online{ Iron-Maiden-Public-Enema-Number-One-Ver-2018,
  author =	 {Iron Maiden},
  title =	 {Public Enema Number One},
  note =	 {No Prayer for the~Dying},
  year =	 2018,
  url =		 {https://www.youtube.com/watch?v=DRzeK7l3hks},
  urldate =	 {2025-03-26},
}



@online{ Iron-Maiden-Fates-Warning-Ver-2018,
  author =	 {Iron Maiden},
  title =	 {Fates Warning},
  note =	 {No Prayer for the~Dying},
  year =	 2018,
  url =		 {https://www.youtube.com/watch?v=UGL6VsL_sA4},
  urldate =	 {2025-03-29},
}



@online{ Iron-Maiden-The-Assassin-Ver-2018,
  author =	 {Iron Maiden},
  title =	 {The Assassin},
  note =	 {No Prayer for the~Dying},
  year =	 2018,
  url =		 {https://www.youtube.com/watch?v=UGL6VsL_sA4},
  urldate =	 {2025-03-29},
}



@online{ Iron-Maiden-Run-Silent-Run-Deep-Ver-2018,
  author =	 {Iron Maiden},
  title =	 {Run Silent Run Deep},
  note =	 {No Prayer for the~Dying},
  year =	 2018,
  url =		 {https://www.youtube.com/watch?v=rYic6sU0Xwc},
  urldate =	 {2025-03-29},
}



@online{ Iron-Maiden-Hooks-In-You-Ver-2018,
  author =	 {Iron Maiden},
  title =	 {Hooks In You},
  note =	 {No Prayer for the~Dying},
  year =	 2018,
  url =		 {https://www.youtube.com/watch?v=GVUvqJVffHM},
  urldate =	 {2025-03-29},
}



@online{ Iron-Maiden-Bring-Your-Daughter-To-The-Slaughter-ETC-Ver-2015,
  author =	 {Iron Maiden},
  title =	 {Bring Your Daughter To The~Slaughter},
  note =	 {No Prayer for the~Dying},
  year =	 2015,
  url =		 {https://www.youtube.com/watch?v=m0J7XnbUN5o},
  urldate =	 {2025-03-29},
}



@online{ Iron-Maiden-Mother-Russia-Ver-2018,
  author =	 {Iron Maiden},
  title =	 {Mother Russia},
  note =	 {No Prayer for the~Dying},
  year =	 2018,
  url =		 {https://www.youtube.com/watch?v=m0J7XnbUN5o},
  urldate =	 {2025-03-29},
}










@Comment #########################################
@Comment "Fear of the Dark" album
@Comment #########################################


@online{ Iron-Maiden-Be-Quick-Or-Be-Dead-Official-Video-Ver-2015,
  author =	 {Iron Maiden},
  title =	 {Be Quick Or Be Dead (Official Video)},
  note =	 {Fear~of the~Dark},
  year =	 2015,
  url =		 {https://www.youtube.com/watch?v=CTt1vk9nM9c},
  urldate =	 {2025-03-31},
}



@online{ Iron-Maiden-From-Here-To-Eternity-Official-Video-Ver-2015,
  author =	 {Iron Maiden},
  title =	 {From Here To Eternity (Official Video)},
  note =	 {Fear~of the~Dark},
  year =	 2015,
  url =		 {https://www.youtube.com/watch?v=MhUUTvgjUFQ},
  urldate =	 {2025-03-31},
}



@online{ Iron-Maiden-Afraid-To-Shoot-Stragners-Official-Video-Ver-2009,
  author =	 {Iron Maiden},
  title =	 {Afraid To~Shoot Strangers (Official Video)},
  note =	 {Fear~of the~Dark},
  year =	 2009,
  url =		 {https://www.youtube.com/watch?v=0c9iYZdsZMM},
  urldate =	 {2025-04-07},
}



@online{ Iron-Maiden-Fear-Is-the-Key-Ver-2018,
  author =	 {Iron Maiden},
  title =	 {Fear Is~The~Key},
  note =	 {Fear~of the~Dark},
  year =	 2018,
  url =		 {https://www.youtube.com/watch?v=SOledhOU05c},
  urldate =	 {2025-04-07},
}



@online{ Iron-Maiden-Childhoods-End-Ver-2018,
  author =	 {Iron Maiden},
  title =	 {Childhood's End},
  note =	 {Fear~of the~Dark},
  year =	 2018,
  url =		 {https://www.youtube.com/watch?v=W29NlxCZxb0},
  urldate =	 {2025-04-07},
}



@online{ Iron-Maiden-Wasting-Love-Official-Video-Ver-2015,
  author =	 {Iron Maiden},
  title =	 {Wasting Love (Official Video)},
  note =	 {Fear~of the~Dark},
  year =	 2015,
  url =		 {https://www.youtube.com/watch?v=SbWeP7KkeCU},
  urldate =	 {2025-04-07},
}



@online{ Iron-Maiden-The-Fugitive-Ver-2018,
  author =	 {Iron Maiden},
  title =	 {The~Fugitive},
  note =	 {Fear~of the~Dark},
  year =	 2018,
  url =		 {https://www.youtube.com/watch?v=WG6_gYpgH3I},
  urldate =	 {2025-04-07},
}



@online{ Iron-Maiden-Chains-of-Misery-Ver-2018,
  author =	 {Iron Maiden},
  title =	 {Chains~of Misery},
  note =	 {Fear~of the~Dark},
  year =	 2018,
  url =		 {https://www.youtube.com/watch?v=xmi8p8KncCE},
  urldate =	 {2025-04-07},
}



@online{ Iron-Maiden-The-Apparition-Ver-2018,
  author =	 {Iron Maiden},
  title =	 {The~Apparition},
  note =	 {Fear~of the~Dark},
  year =	 2018,
  url =		 {https://www.youtube.com/watch?v=KcJlkqMC7dg},
  urldate =	 {2025-04-07},
}



@online{ Iron-Maiden-Judas-Be-My-Guide-Ver-2018,
  author =	 {Iron Maiden},
  title =	 {Judas Be My Guide},
  note =	 {Fear~of the~Dark},
  year =	 2018,
  url =		 {https://www.youtube.com/watch?v=dnm2rA0KYOA},
  urldate =	 {2025-04-07},
}



@online{ Iron-Maiden-Weekend-Warrior-Ver-2018,
  author =	 {Iron Maiden},
  title =	 {Weekend Warrior},
  note =	 {Fear~of the~Dark},
  year =	 2018,
  url =		 {https://www.youtube.com/watch?v=FOOJF_RGu4s},
  urldate =	 {2025-04-07},
}



@online{ Iron-Maiden-Fear-of-the-Dark-Ver-2018,
  author =	 {Iron Maiden},
  title =	 {Fear~of the~Dark},
  note =	 {Fear~of the~Dark},
  year =	 2018,
  url =		 {https://www.youtube.com/watch?v=bePCRKGUwAY},
  urldate =	 {2025-04-07},
}










@Comment #############################################################
@Comment Iron Savior
@Comment #############################################################


@online{ Iron-Savior-Stand-Up-And-Fight-Official-Music-Video-Ver-2019,
  author =	 {Iron Savior},
  title =	 {Stand Up And Fight (2019); Official Music Video},
  year =	 2019,
  url =		 {https://www.youtube.com/watch?v=ttNLD8QemGA},
  urldate =	 {2024-08-14},
  note =	 {AFM Records},
}










@Comment #############################################################
@Comment Judas Priest
@Comment #############################################################




@Comment #########################################
@Comment "Screaming for Vengeance" album
@Comment #########################################


@online{ Judas-Priest-The-Hellion-Electric-Eye-Ver-2018,
  author =	 {Judas Priest},
  title =	 {The~Hellion / Electric Eye},
  note =	 {Screaming for Vengeance},
  year =	 2018,
  url =		 {https://www.youtube.com/watch?v=eGtwgYt_QnA},
  urldate =	 {2024-12-25},
}



@online{ Judas-Priest-Riding-on-the-Wind-Official-Audio-Ver-2020,
  author =	 {Judas Priest},
  title =	 {Riding on the Wind (Official Audio)},
  note =	 {Screaming for Vengeance},
  year =	 2020,
  url =		 {https://www.youtube.com/watch?v=EZyWuBNot3o},
  urldate =	 {2024-12-25},
}



@online{ Judas-Priest-Bloodstone-Official-Audio-Ver-2020,
  author =	 {Judas Priest},
  title =	 {Bloodstone (Official Audio)},
  note =	 {Screaming for Vengeance},
  year =	 2020,
  url =		 {https://www.youtube.com/watch?v=lYqKAL8NDKo},
  urldate =	 {2024-12-25},
}



@online{ Judas-Priest-Take-These-Chains-Official-Audio-Ver-2020,
  author =	 {Judas Priest},
  title =	 {(Take These) Chains (Official Audio)},
  note =	 {Screaming for Vengeance},
  year =	 2020,
  url =		 {https://www.youtube.com/watch?v=s8vrKn78J-w},
  urldate =	 {2024-12-25},
}



@online{ Judas-Priest-Pain-and-Pleasure-Official-Audio-Ver-2020,
  author =	 {Judas Priest},
  title =	 {Pain and Pleasure (Official Audio)},
  note =	 {Screaming for Vengeance},
  year =	 2020,
  url =		 {https://www.youtube.com/watch?v=fg2i0WIkaJQ},
  urldate =	 {2024-12-25},
}



@online{ Judas-Priest-Screaming-for-Vengeance-Official-Audio-Ver-2020,
  author =	 {Judas Priest},
  title =	 {Screaming for Vengeance (Official Audio)},
  note =	 {Screaming for Vengeance},
  year =	 2020,
  url =		 {https://www.youtube.com/watch?v=TN7Lv0PR4Q8},
  urldate =	 {2024-12-25},
}



@online{ Judas-Priest-Youve-Got-Another-Thing-Comin-Official-Audio-Ver-2021,
  author =	 {Judas Priest},
  title =	 {You've Got Another Thing Comin' (Official Audio)},
  note =	 {Screaming for Vengeance},
  year =	 2021,
  url =		 {https://www.youtube.com/watch?v=XJMgveYdO-M},
  urldate =	 {2024-12-25},
}



@online{ Judas-Priest-Fever-Official-Audio-Ver-2020,
  author =	 {Judas Priest},
  title =	 {Fever (Official Audio)},
  note =	 {Screaming for Vengeance},
  year =	 2020,
  url =		 {https://www.youtube.com/watch?v=MXB6rHTkDfM},
  urldate =	 {2024-12-25},
}



@online{ Judas-Priest-Devils-Child-Official-Audio-Ver-2020,
  author =	 {Judas Priest},
  title =	 {Devil's Child (Official Audio)},
  note =	 {Screaming for Vengeance},
  year =	 2020,
  url =		 {https://www.youtube.com/watch?v=BKN2HEAr1VU},
  urldate =	 {2024-12-25},
}










@Comment #########################################
@Comment "Defenders of the Faith" album
@Comment #########################################


@online{ Judas-Priest-Freewheel-Burining-AC3-Stereo-Ver-2009,
  author =	 {Judas Priest},
  title =	 {Freewheel Burning (AC3 Stereo)},
  note =	 {Defenders of the Faith},
  year =	 2009,
  url =		 {https://www.youtube.com/watch?v=M_s-49rNCdw},
  urldate =	 {2024-12-27},
}



@online{ Judas-Priest-Jawbreaker-Official-Audio-Ver-2020,
  author =	 {Judas Priest},
  title =	 {Jawbreaker (Official Audio)},
  note =	 {Defenders of the Faith},
  year =	 2020,
  url =		 {https://www.youtube.com/watch?v=hwu6epsjGhI},
  urldate =	 {2024-12-27},
}



@online{ Judas-Priest-Rock-Hard-Ride-Free-Official-Audio-Ver-2020,
  author =	 {Judas Priest},
  title =	 {Rock Hard Ride Free (Official Audio)},
  note =	 {Defenders of the Faith},
  year =	 2020,
  url =		 {https://www.youtube.com/watch?v=P-c62u8dh18},
  urldate =	 {2024-12-27},
}



@online{ Judas-Priest-The-Sentinel-Official-Audio-Ver-2020,
  author =	 {Judas Priest},
  title =	 {The~Sentinel (Official Audio)},
  note =	 {Defenders of the Faith},
  year =	 2020,
  url =		 {https://www.youtube.com/watch?v=8Ksksu9JDkg},
  urldate =	 {2024-12-27},
}



@online{ Judas-Priest-Love-Bites-AC3-Stereo-Ver-2009,
  author =	 {Judas Priest},
  title =	 {Love Bites (AC3 Stereo)},
  note =	 {Defenders of the Faith},
  year =	 2009,
  url =		 {https://www.youtube.com/watch?v=PWFkhLUcvo0},
  urldate =	 {2024-12-27},
}



@online{ Judas-Priest-Eat-Me-Alive-Official-Audio-Ver-2020,
  author =	 {Judas Priest},
  title =	 {Eat Me Alive (Official Audio)},
  note =	 {Defenders of the Faith},
  year =	 2020,
  url =		 {https://www.youtube.com/watch?v=l7wYGjLvgJw},
  urldate =	 {2024-12-27},
}



@online{ Judas-Priest-Some-Heads-Are-Gonna-Roll-Official-Audio-Ver-2020,
  author =	 {Judas Priest},
  title =	 {Some Heads Are Gonna Roll (Official Audio)},
  note =	 {Defenders of the Faith},
  year =	 2020,
  url =		 {https://www.youtube.com/watch?v=xK7mgtTLprI},
  urldate =	 {2024-12-27},
}



@online{ Judas-Priest-Night-Comes-Down-Official-Audio-Ver-2020,
  author =	 {Judas Priest},
  title =	 {Night Comes Down (Official Audio)},
  note =	 {Defenders of the Faith},
  year =	 2020,
  url =		 {https://www.youtube.com/watch?v=NMxyEq17TpU},
  urldate =	 {2024-12-27},
}



@online{ Judas-Priest-Heavy-Duty-Official-Audio-Ver-2020,
  author =	 {Judas Priest},
  title =	 {Heavy Duty (Official Audio)},
  note =	 {Defenders of the Faith},
  year =	 2020,
  url =		 {https://www.youtube.com/watch?v=tezX5_H4CDw},
  urldate =	 {2024-12-27},
}



@online{ Judas-Priest-Defenders-of-the-Faith-Official-Audio-Ver-2020,
  author =	 {Judas Priest},
  title =	 {Defenders~of the~Faith (Official Audio)},
  note =	 {Defenders of the Faith},
  year =	 2020,
  url =		 {https://www.youtube.com/watch?v=CqveT36yPRc},
  urldate =	 {2024-12-27},
}










@Comment #########################################
@Comment "Turbo" album
@Comment #########################################


@online{ Judas-Priest-Turbo-Lover-Ver-2010,
  author =	 {Judas Priest},
  title =	 {Turbo Lover (Official Video)},
  note =	 {Turbo},
  year =	 2010,
  url =		 {https://www.youtube.com/watch?v=JhY9GOhFwN4},
  urldate =	 {2025-04-18},
}



@online{ Judas-Priest-Locked-In-AC3-Stereo-Ver-2010,
  author =	 {Judas Priest},
  title =	 {Locked In (AC3 Stereo)},
  note =	 {Turbo},
  year =	 2010,
  url =		 {https://www.youtube.com/watch?v=Zr6rChjsWgs},
  urldate =	 {2025-04-18},
}



@online{ Judas-Priest-Private-Property-Ver-2021,
  author =	 {Judas Priest},
  title =	 {Private Property},
  note =	 {Turbo},
  year =	 2021,
  url =		 {https://www.youtube.com/watch?v=cD2xFL38K4U},
  urldate =	 {2025-04-18},
}



@online{ Judas-Priest-Parental-Guidance-Ver-2021,
  author =	 {Judas Priest},
  title =	 {Parental Guidance},
  note =	 {Turbo},
  year =	 2021,
  url =		 {https://www.youtube.com/watch?v=B-fkbXbFd0o},
  urldate =	 {2025-04-18},
}



@online{ Judas-Priest-Rock-You-All-Around-the-World-Ver-2021,
  author =	 {Judas Priest},
  title =	 {Rock You All Around the~World},
  note =	 {Turbo},
  year =	 2021,
  url =		 {https://www.youtube.com/watch?v=7qqbrpaVyjk},
  urldate =	 {2025-04-18},
}



@online{ Judas-Priest-Out-in-the-Cold-Ver-2021,
  author =	 {Judas Priest},
  title =	 {Out in the Cold},
  note =	 {Turbo},
  year =	 2021,
  url =		 {https://www.youtube.com/watch?v=R6QaXKiCz4I},
  urldate =	 {2025-04-02},
}



@online{ Judas-Priest-Wild-Nights-Hot-and-Crazy-Days-Ver-2021,
  author =	 {Judas Priest},
  title =	 {Wild Nights, Hot \&~Crazy Days},
  note =	 {Turbo},
  year =	 2021,
  url =		 {https://www.youtube.com/watch?v=Mh7bjDg_0IA},
  urldate =	 {2025-04-18},
}



@online{ Judas-Priest-Hot-for-Love-Ver-2021,
  author =	 {Judas Priest},
  title =	 {Hot for~Love},
  note =	 {Turbo},
  year =	 2021,
  url =		 {https://www.youtube.com/watch?v=Ky-XZIaVydk},
  urldate =	 {2025-04-18},
}



@online{ Judas-Priest-Reckless-Ver-2021,
  author =	 {Judas Priest},
  title =	 {Rockless},
  note =	 {Turbo},
  year =	 2021,
  url =		 {https://www.youtube.com/watch?v=bnJZuXcjz5g},
  urldate =	 {2025-04-18},
}










@Comment #########################################
@Comment "Ram It Down" album
@Comment #########################################


@online{ Judas-Priest-Ram-It-Down-Ver-2014,
  author =	 {Judas Priest},
  title =	 {Ram It Down},
  note =	 {Ram It Down},
  year =	 2014,
  url =		 {https://www.youtube.com/watch?v=v0jVb9TmfRM},
  urldate =	 {2024-08-04},
}



@online{ Judas-Priest-Heavy-Metal-Ver-2014,
  author =	 {Judas Priest},
  title =	 {Heavy Metal},
  note =	 {Ram It Down},
  year =	 2014,
  url =		 {https://www.youtube.com/watch?v=2AYB-Gjo6cU},
  urldate =	 {2024-08-04},
}



@online{ Judas-Priest-Love-Zone-Ver-2014,
  author =	 {Judas Priest},
  title =	 {Love Zone},
  note =	 {Ram It Down},
  year =	 2014,
  url =		 {https://www.youtube.com/watch?v=wgGnYm1lAPw},
  urldate =	 {2024-10-24},
}



@online{ Judas-Priest-Come-and-Get-It-Ver-2014,
  author =	 {Judas Priest},
  title =	 {Come and Get It},
  note =	 {Ram It Down},
  year =	 2018,
  url =		 {https://www.youtube.com/watch?v=l8HD7WNExhY},
  urldate =	 {2024-10-24},
}



@online{ Judas-Priest-Hard-as-Iron-Ver-2014,
  author =	 {Judas Priest},
  title =	 {Hard as~Iron},
  note =	 {Ram It Down},
  year =	 2014,
  url =		 {https://www.youtube.com/watch?v=UW9bAXTW1x4},
  urldate =	 {2024-11-11},
}



@online{ Judas-Priest-Blood-Red-Skies-Ver-2014,
  author =	 {Judas Priest},
  title =	 {Blood Red Skies},
  note =	 {Ram It Down},
  year =	 2018,
  url =		 {https://www.youtube.com/watch?v=fFdv2svhKH8},
  urldate =	 {2024-12-03},
}



@online{ Judas-Priest-Im-a-Rocker-Ver-2014,
  author =	 {Judas Priest},
  title =	 {I'm a~Rocker},
  note =	 {Ram It Down},
  year =	 2015,
  url =		 {https://www.youtube.com/watch?v=VDMP5Hongbk},
  urldate =	 {2024-12-03},
}



@online{ Judas-Priest-Johnny-B-Goode-Ver-2015,
  author =	 {Judas Priest},
  title =	 {Johnny B.~Goode},
  note =	 {Ram It Down},
  year =	 2015,
  url =		 {https://www.youtube.com/watch?v=1foYB6QeETs},
  urldate =	 {2024-12-06},
}



@online{ Judas-Priest-Love-You-to-Death-Ver-2014,
  author =	 {Judas Priest},
  title =	 {Love You to Death},
  note =	 {Ram It Down},
  year =	 2014,
  url =		 {https://www.youtube.com/watch?v=gZsKj6xzs4Q},
  urldate =	 {2024-12-06},
}



@online{ Judas-Priest-Monsters-of-Rock-Ver-2014,
  author =	 {Judas Priest},
  title =	 {Monsters~of Rock},
  note =	 {Ram It Down},
  year =	 2014,
  url =		 {https://www.youtube.com/watch?v=0yljrbTG2cg},
  urldate =	 {2024-12-06},
}










@Comment #########################################
@Comment "Painkiller" album
@Comment #########################################


@online{ Judas-Priest-Painkiller-Official-Lyric-Video-Ver-2020,
  author =	 {Judas Priest},
  title =	 {Painkiller (Official Lyric Video)},
  note =	 {Painkiller},
  year =	 2020,
  url =		 {https://www.youtube.com/watch?v=kO_EdmtR5Ck},
  urldate =	 {2025-01-26},
}



@online{ Judas-Priest-Painkiller-Ver-2009,
  author =	 {Judas Priest},
  title =	 {Painkiller},
    note =	 {Painkiller},
  year =	 2009,
  url =		 {https://www.youtube.com/watch?v=nM__lPTWThU},
  urldate =	 {2025-01-27},
}



@online{ Judas-Priest-Hell-Patrol-Official-Audio-Ver-2020,
  author =	 {Judas Priest},
  title =	 {Hell Patrol (Official Audio)},
  note =	 {Painkiller},
  year =	 2020,
  url =		 {https://www.youtube.com/watch?v=qp9fqO4etHM},
  urldate =	 {2025-02-02},
}



@online{ Judas-Priest-All-Guns-Blazing-Official-Audio-Ver-2020,
  author =	 {Judas Priest},
  title =	 {All Guns Blazing (Official Audio)},
  note =	 {Painkiller},
  year =	 2020,
  url =		 {https://www.youtube.com/watch?v=Wfyupe_412I},
  urldate =	 {2025-02-01},
}



@online{ Judas-Priest-Lether-Rebel-Official-Audio-Ver-2020,
  author =	 {Judas Priest},
  title =	 {Lether Rebel (Official Audio)},
  note =	 {Painkiller},
  year =	 2020,
  url =		 {https://www.youtube.com/watch?v=zsJ_pADlGrk},
  urldate =	 {2025-02-02},
}



@online{ Judas-Priest-Metal-Meltdown-Official-Audio-Ver-2020,
  author =	 {Judas Priest},
  title =	 {Metal Meltdown (Official Audio)},
  note =	 {Painkiller},
  year =	 2020,
  url =		 {https://www.youtube.com/watch?v=PZhlY-p3yCo},
  urldate =	 {2025-02-02},
}



@online{ Judas-Priest-Night-Crawler-Official-Audio-Ver-2020,
  author =	 {Judas Priest},
  title =	 {Night Crawler (Official Audio)},
  note =	 {Painkiller},
  year =	 2020,
  url =		 {https://www.youtube.com/watch?v=5yyO_HozK0c},
  urldate =	 {2025-02-02},
}



@online{ Judas-Priest-Between-the-Hammer-and-the-Anvil-ETC-Ver-2020,
  author =	 {Judas Priest},
  title =	 {Between the~Hammer \&~the Anvil (Official Audio)},
  note =	 {Painkiller},
  year =	 2020,
  url =		 {https://www.youtube.com/watch?v=dJLXQ8i3uao},
  urldate =	 {2025-03-14},
}



@online{ Judas-Priest-Touch-of-Evil-Video-Ver-2009,
  author =	 {Judas Priest},
  title =	 {A~Touch~of Evil (Video)},
  note =	 {Painkiller},
  year =	 2009,
  url =		 {https://www.youtube.com/watch?v=PW-6FKFnHx8},
  urldate =	 {2025-03-14},
}



@online{ Judas-Priest-Battle-Hymn-Official-Audio-Ver-2020,
  author =	 {Judas Priest},
  title =	 {Battle Hymn (Official Audio)},
  note =	 {Painkiller},
  year =	 2020,
  url =		 {https://www.youtube.com/watch?v=HqKSCsfDJzM},
  urldate =	 {2025-03-14},
}










@Comment #############################################################
@Comment Kingdom of Netherlands metal
@Comment #############################################################


@online{ Within-Temptation-ft-Tarja-Paradise-What-About-Us-Ver-2023,
  author =	 {Within Temptation, ft.~Tarja},
  title =	 {"Paradise (What About Us?)")},
  year =	 2013,
  url =		 {https://www.youtube.com/watch?v=Dy6MpsDPKts},
  urldate =	 {2024-09-14},
}










@Comment #############################################################
@Comment Lovebites
@Comment #############################################################


@online{ Lovebites-Battle-against-damnation-Snippets-Ver-2018,
  author =	 {Lovebites},
  title =	 {Battle against damnation (Snippets)]},
  year =	 2018,
  url =		 {https://www.youtube.com/watch?v=QnxWTAmZBNI},
  urldate =	 {2024-09-19},
}



@online{ Lovebites-Clockwork-immortality-Snippets-Ver-2018,
  author =	 {Lovebites},
  title =	 {Clockwork immortality (Snippets)]},
  year =	 2018,
  url =		 {https://www.youtube.com/watch?v=kteyEnFRv58},
  urldate =	 {2024-09-19},
}



@online{ Lovebites-Dont-Bite-The-Dust-Live-from-Ver-2017,
  author =	 {Lovebites},
  title =	 {Don't Bite The Dust [Live from "Ride For Vengeance
                  Tour 2021"]},
  year =	 2021,
  url =		 {https://www.youtube.com/watch?v=oHnKGEj1CMc},
  urldate =	 {2024-10-12},
}



@online{ Lovebites-Dont-Bite-The-Dust-Music-video-Ver-2017,
  author =	 {Lovebites},
  title =	 {Don't Bite The Dust [Music video]},
  year =	 2017,
  url =		 {https://www.youtube.com/watch?v=Zx9KPfvMVjY},
  urldate =	 {2024-09-13},
}



@online{ Lovebites-Holy-WAr-Live-at-Zepp-DiverCity-ETC-Ver-2020,
  author =	 {Lovebites},
  title =	 {Holy War [Live at Zepp DiverCity Tokyo 2020]},
  year =	 2020,
  url =		 {https://www.youtube.com/watch?v=bgAxpEpEcno},
  urldate =	 {2024-10-12},
}



@online{ Lovebites-Liar-Official-Live-Video-takien-from-Ver-2023,
  author =	 {Lovebites},
  title =	 {Liar [Official Live Video taken from "Knockin' At
                  Heaven's Gate"]},
  year =	 2023,
  url =		 {https://www.youtube.com/watch?v=YWHPfnJz2qk},
  urldate =	 {2024-09-29},
}



@online{ Lovebites-Nameless-Warriot-Official-Live-Video-taken-ETC-Ver-2023,
  author =	 {Lovebites},
  title =	 {Nameless Warrior [Official Live Video taken from
                  "Knockin' At Heaven's Gate"]},
  year =	 2023,
  url =		 {https://www.youtube.com/watch?v=Dl29tiJCbNM},
  urldate =	 {2024-09-16},
}



@online{ Lovebites-Set-The-World-On-Fire-Live-ETC-Ver-2021,
  author =	 {Lovebites},
  title =	 {Set The World On Fire [Live from "Ride For Vengeance
                  Tour 2021"]},
  year =	 2021,
  url =		 {https://www.youtube.com/watch?v=99zsH6iG_6c},
  urldate =	 {2024-09-19},
}



@online{ Lovebites-Stand-And-Deliver-Shootem-Down-Live-ETC-Ver-2023,
  author =	 {Lovebites},
  title =	 {Stand And Deliver (Shoot'em Down) [Live Video taken from
                  "Knockin' At Heaven's Gate"~-- Part~II]},
  year =	 2023,
  url =		 {https://www.youtube.com/watch?v=cNi-OEjzMdA},
  urldate =	 {2024-09-23},
}



@online{ Lovebites-The-Hammer-Of-Wrath-Official-Live-Video-ETC-Ver-2023,
  author =	 {Lovebites},
  title =	 {The~Hammer~Of Wrath [Official Live Video taken from
                  "Knockin' At Heaven's Gate"]},
  year =	 2023,
  url =		 {https://www.youtube.com/watch?v=pHrWRT0Jeac},
  urldate =	 {2024-09-16},
}



@online{ Lovebites-Thunder-Vengeance-Live-at-DiverCity-ETC-Ver-2020,
  author =	 {Lovebites},
  title =	 {Thunder Vengeance [Live at Zepp DiverCity Tokyo 2020]},
  year =	 2020,
  url =		 {https://www.youtube.com/watch?v=yWE7PqCpGi4},
  urldate =	 {2024-09-29},
}



@online{ Lovebites-Unchained-ETC-Ver-2021,
  author =	 {Lovebites},
  title =	 {Unchained (Official music video)},
  year =	 2024,
  url =		 {https://www.youtube.com/watch?v=vbbMpq2zghQ},
  urldate =	 {2024-09-06},
}



@online{ Lovebites-When-Destinies-Align-4K-Music-video-Ver-2019,
  author =	 {Lovebites},
  title =	 {When Destinies Align [4K music video]},
  year =	 2019,
  url =		 {https://www.youtube.com/watch?v=hLFelI93VkM},
  urldate =	 {2024-10-12},
}










@Comment #############################################################
@Comment Megadeth
@Comment #############################################################


@Comment #########################################
@Comment "Rust in Peace" album
@Comment #########################################


@online{ Megadeth-Holy-Wars-The-Punishment-Due-Ver-2009,
  author =	 {Megadeth},
  title =	 {Holy Wars\ldots{} The Punshment Due},
  note =	 {Rust in~Peace},
  year =	 2009,
  url =		 {https://www.youtube.com/watch?v=9d4ui9q7eDM},
  urldate =	 {2025-01-17},
}



@online{ Megadeth-Hangar-18-Ver-2010,
  author =	 {Megadeth},
  title =	 {Hangar~18},
  note =	 {Rust in~Peace},
  year =	 2010,
  url =		 {https://www.youtube.com/watch?v=rUGIocJK9Tc},
  urldate =	 {2025-01-17},
}



@online{ Megadeth-Take-No-Prisoners-Ver-2017,
  author =	 {Megadeth},
  title =	 {Take No Prisoners},
  note =	 {Rust in~Peace},
  year =	 2017,
  url =		 {https://www.youtube.com/watch?v=RKlYW5oCQFI},
  urldate =	 {2025-01-17},
}



@online{ Megadeth-Five-Magics-Ver-2017,
  author =	 {Megadeth},
  title =	 {Five Magics},
  note =	 {Rust in~Peace},
  year =	 2017,
  url =		 {https://www.youtube.com/watch?v=WkXAAHDIN7U},
  urldate =	 {2025-01-17},
}



@online{ Megadeth-Poison-Was-The-Cure-Ver-2017,
  author =	 {Megadeth},
  title =	 {Poison Was The Cure},
  note =	 {Rust in~Peace},
  year =	 2017,
  url =		 {https://www.youtube.com/watch?v=jSTUQO0XyaM},
  urldate =	 {2025-01-17},
}



@online{ Megadeth-Lucretia-Ver-2017,
  author =	 {Megadeth},
  title =	 {Lucretia},
  note =	 {Rust in~Peace},
  year =	 2017,
  url =		 {https://www.youtube.com/watch?v=mP0-1urIlb8},
  urldate =	 {2025-01-17},
}



@online{ Megadeth-Lucretia-Ver-2017,
  author =	 {Megadeth},
  title =	 {Lucretia},
  note =	 {Rust in~Peace},
  year =	 2017,
  url =		 {https://www.youtube.com/watch?v=mP0-1urIlb8},
  urldate =	 {2025-01-17},
}



@online{ Megadeth-Tornado-Of-Souls-Ver-2017,
  author =	 {Megadeth},
  title =	 {Tornado-Of-Souls},
  note =	 {Rust in~Peace},
  year =	 2017,
  url =		 {https://www.youtube.com/watch?v=sONL6QUMR9E},
  urldate =	 {2025-01-17},
}



@online{ Megadeth-Dawn-Patrol-Ver-2017,
  author =	 {Megadeth},
  title =	 {Dawn Patrol},
  note =	 {Rust in~Peace},
  year =	 2017,
  url =		 {https://www.youtube.com/watch?v=2DpLxe2KxSI},
  urldate =	 {2025-01-17},
}



@online{ Megadeth-Rust-In-Peace-Polaris-Ver-2017,
  author =	 {Megadeth},
  title =	 {Rust In~Peace\ldots{} Polaris},
  note =	 {Rust in~Peace},
  year =	 2017,
  url =		 {https://www.youtube.com/watch?v=hEihQoMJC98},
  urldate =	 {2025-01-17},
}










@Comment #########################################
@Comment "The World Needs a Hero" album
@Comment #########################################


@online{ Megadeth-Disconnect-Ver-2021,
  author =	 {Megadeth},
  title =	 {Disconnect},
  note =	 {The~World Needs a~Hero},
  year =	 2021,
  url =		 {https://www.youtube.com/watch?v=do9XlWvb5ko},
  urldate =	 {2025-01-17},
}



@online{ Megadeth-The-World-Needs-a-Hero-Ver-2021,
  author =	 {Megadeth},
  title =	 {The~World Needs a~Hero},
  note =	 {The~World Needs a~Hero},
  year =	 2021,
  url =		 {https://www.youtube.com/watch?v=XtTJJsLQ8Fk},
  urldate =	 {2025-01-17},
}



@online{ Megadeth-Moto-Psycho-Ver-2021,
  author =	 {Megadeth},
  title =	 {Moto Psycho},
  note =	 {The~World Needs a~Hero},
  year =	 2021,
  url =		 {https://www.youtube.com/watch?v=TCJhSgW2Efs},
  urldate =	 {2025-01-17},
}



@online{ Megadeth-1000-Times-Goodbye-Ver-2021,
  author =	 {Megadeth},
  title =	 {1000 Times Goodbye},
  note =	 {The~World Needs a~Hero},
  year =	 2021,
  url =		 {https://www.youtube.com/watch?v=-sp4Aq3eZaY},
  urldate =	 {2025-01-17},
}



@online{ Megadeth-Burning-Bridges-Ver-2021,
  author =	 {Megadeth},
  title =	 {Burning Bridges},
  note =	 {The~World Needs a~Hero},
  year =	 2021,
  url =		 {https://www.youtube.com/watch?v=UH9LaacB-ms},
  urldate =	 {2025-01-17},
}



@online{ Megadeth-Promises-Ver-2021,
  author =	 {Megadeth},
  title =	 {Promises},
  note =	 {The~World Needs a~Hero},
  year =	 2021,
  url =		 {https://www.youtube.com/watch?v=681cN-5GfBQ},
  urldate =	 {2025-01-17},
}



@online{ Megadeth-Recipe-for-Hate-Warhorse-Ver-2021,
  author =	 {Megadeth},
  title =	 {Recipe for~Hate\ldots{} Warhorse},
  note =	 {The~World Needs a~Hero},
  year =	 2021,
  url =		 {https://www.youtube.com/watch?v=CwmdU_ybZ1k},
  urldate =	 {2025-01-17},
}



@online{ Megadeth-Losing-My-Senses-Ver-2021,
  author =	 {Megadeth},
  title =	 {Losing My Senses},
  note =	 {The~World Needs a~Hero},
  year =	 2021,
  url =		 {https://www.youtube.com/watch?v=iNpdRTkFGAY},
  urldate =	 {2025-01-17},
}



@online{ Megadeth-Dread-and-the-Fugitive-Mind-Ver-2021,
  author =	 {Megadeth},
  title =	 {Dread and the~Fugitive Mind},
  note =	 {The~World Needs a~Hero},
  year =	 2021,
  url =		 {https://www.youtube.com/watch?v=JSsZ7JaU4j8},
  urldate =	 {2025-01-17},
}



@online{ Megadeth-Silent-Scorn-Ver-2021,
  author =	 {Megadeth},
  title =	 {Silent Scorn},
  note =	 {The~World Needs a~Hero},
  year =	 2021,
  url =		 {https://www.youtube.com/watch?v=DG6lcn29vG8},
  urldate =	 {2025-01-17},
}



@online{ Megadeth-Silent-Scorn-Ver-2021,
  author =	 {Megadeth},
  title =	 {Silent Scorn},
  note =	 {The~World Needs a~Hero},
  year =	 2021,
  url =		 {https://www.youtube.com/watch?v=DG6lcn29vG8},
  urldate =	 {2025-01-17},
}



@online{ Megadeth-Return-to-Hangar-Ver-2021,
  author =	 {Megadeth},
  title =	 {Return to Hangar},
  note =	 {The~World Needs a~Hero},
  year =	 2021,
  url =		 {https://www.youtube.com/watch?v=0bsueUxoKsk},
  urldate =	 {2025-01-17},
}



@online{ Megadeth-When-Ver-2021,
  author =	 {Megadeth},
  title =	 {When},
  note =	 {The~World Needs a~Hero},
  year =	 2021,
  url =		 {https://www.youtube.com/watch?v=GW-rOWq1qcw},
  urldate =	 {2025-01-17},
}










@Comment #########################################
@Comment "The System Has Failed" album
@Comment #########################################


@online{ Megadeth-Blackmail-the-Universe-Ver-2021,
  author =	 {Megadeth},
  title =	 {Blackmail the~Universe},
  note =	 {The~System Has Failed},
  year =	 2021,
  url =		 {https://www.youtube.com/watch?v=hgbZBYuu9MY},
  urldate =	 {2025-01-26},
}



@online{ Megadeth-Die-Dead-Enough-Ver-2018,
  author =	 {Megadeth},
  title =	 {Die Dead Enough},
  note =	 {The~System Has Failed},
  year =	 2018,
  url =		 {https://www.youtube.com/watch?v=1XrwaXzmj4w},
  urldate =	 {2025-01-26},
}



@online{ Megadeth-Kick-the-Chair-Ver-2018,
  author =	 {Megadeth},
  title =	 {Kick the~Chair},
  note =	 {The~System Has Failed},
  year =	 2021,
  url =		 {https://www.youtube.com/watch?v=6oXtmJRmCXo},
  urldate =	 {2025-01-26},
}



@online{ Megadeth-The-Scorpion-Ver-2021,
  author =	 {Megadeth},
  title =	 {The~Scorpion},
  note =	 {The~System Has Failed},
  year =	 2021,
  url =		 {https://www.youtube.com/watch?v=hIDH3UJLM4U},
  urldate =	 {2025-01-26},
}



@online{ Megadeth-Tears-In-a-Vial-Ver-2021,
  author =	 {Megadeth},
  title =	 {The~Scorpion},
  note =	 {The~System Has Failed},
  year =	 2021,
  url =		 {https://www.youtube.com/watch?v=Jg7UNJFc9qo},
  urldate =	 {2025-01-26},
}



@online{ Megadeth-I-Know-Jack-Ver-2021,
  author =	 {Megadeth},
  title =	 {The~Scorpion},
  note =	 {The~System Has Failed},
  year =	 2021,
  url =		 {https://www.youtube.com/watch?v=wFQBdT5_-48},
  urldate =	 {2025-01-26},
}



@online{ Megadeth-Back-In-the-Day-Ver-2021,
  author =	 {Megadeth},
  title =	 {Back In the~Day},
  note =	 {The~System Has Failed},
  year =	 2021,
  url =		 {https://www.youtube.com/watch?v=KodRW-gU1rQ},
  urldate =	 {2025-01-26},
}



@online{ Megadeth-Something-That-Im-Not-Ver-2021,
  author =	 {Megadeth},
  title =	 {Something That I'm Not},
  note =	 {The~System Has Failed},
  year =	 2021,
  url =		 {https://www.youtube.com/watch?v=mzRlEzVKJJs},
  urldate =	 {2025-01-26},
}



@online{ Megadeth-Truth-Be-Told-Ver-2021,
  author =	 {Megadeth},
  title =	 {Truth Be~Told},
  note =	 {The~System Has Failed},
  year =	 2021,
  url =		 {https://www.youtube.com/watch?v=trKIcPL3z6w},
  urldate =	 {2025-01-26},
}



@online{ Megadeth-Of-Mice-and-Men-Ver-2021,
  author =	 {Megadeth},
  title =	 {Of~Mice and~Men},
  note =	 {The~System Has Failed},
  year =	 2021,
  url =		 {https://www.youtube.com/watch?v=nbyCtR5rRws},
  urldate =	 {2025-01-26},
}



@online{ Megadeth-Shadow-of-Deth-Ver-2021,
  author =	 {Megadeth},
  title =	 {Shadow~of Deth},
  note =	 {The~System Has Failed},
  year =	 2021,
  url =		 {https://www.youtube.com/watch?v=Gcb0lIKu-mk},
  urldate =	 {2025-01-26},
}



@online{ Megadeth-My-Kingdom-Ver-2021,
  author =	 {Megadeth},
  title =	 {My Kingdom},
  note =	 {The~System Has Failed},
  year =	 2021,
  url =		 {https://www.youtube.com/watch?v=I3CghiyEN6o},
  urldate =	 {2025-01-26},
}










@Comment #########################################
@Comment "United Abominations" album
@Comment #########################################


@online{ Megadeth-Sleepwalker-Ver-2021,
  author =	 {Megadeth},
  title =	 {Sleepwalker},
  note =	 {United Abominations},
  year =	 2021,
  url =		 {https://www.youtube.com/watch?v=hRPRw2KxJZ4},
  urldate =	 {2025-06-20},
}



@online{ Megadeth-Washington-Is-Next-Ver-2021,
  author =	 {Megadeth},
  title =	 {Washington Is~Next!},
  note =	 {United Abominations},
  year =	 2021,
  url =		 {https://www.youtube.com/watch?v=QFzU05SWa9c},
  urldate =	 {2025-06-21},
}



@online{ Megadeth-Never-Walk-Alone-A-Call-To-Arms-Official-Video-Ver-2009,
  author =	 {Megadeth},
  title =	 {Never Walk Alone\ldots{} A~Call To~Arms [Official video]},
  note =	 {United Abominations},
  year =	 2009,
  url =		 {https://www.youtube.com/watch?v=Qzhrljx87iE},
  urldate =	 {2025-06-23},
}



@online{ Megadeth-United-Abominations-Ver-2021,
  author =	 {Megadeth},
  title =	 {United Abominations},
  note =	 {United Abominations},
  year =	 2021,
  url =		 {https://www.youtube.com/watch?v=P3YmLXKTuTg},
  urldate =	 {2025-06-25},
}



@online{ Megadeth-Gears-of-War-Ver-2021,
  author =	 {Megadeth},
  title =	 {Gears~of War},
  note =	 {United Abominations},
  year =	 2021,
  url =		 {https://www.youtube.com/watch?v=iu445mPATdM},
  urldate =	 {2025-06-25},
}



@online{ Megadeth-Blessed-Be-the-Dead-Ver-2021,
  author =	 {Megadeth},
  title =	 {Blessed Be the~Dead},
  note =	 {United Abominations},
  year =	 2021,
  url =		 {https://www.youtube.com/watch?v=5dfQmF-y9L0},
  urldate =	 {2025-06-25},
}



@online{ Megadeth-Play-for-Blood-Ver-2021,
  author =	 {Megadeth},
  title =	 {Play for Blood},
  note =	 {United Abominations},
  year =	 2021,
  url =		 {https://www.youtube.com/watch?v=bQowg6HtRmY},
  urldate =	 {2025-06-25},
}



@online{ Megadeth-A-Tout-Le-Monde-Official-Video-Ver-2009,
  author =	 {Megadeth},
  title =	 {A~Tout Le~Monde [Official video]},
  note =	 {United Abominations},
  year =	 2009,
  url =		 {https://www.youtube.com/watch?v=iEyOwLY3rV4},
  urldate =	 {2025-06-25},
}



@online{ Megadeth-A-Tout-Le-Monde-Official-Video-Ver-2009,
  author =	 {Megadeth},
  title =	 {A~Tout Le~Monde [Official video]},
  note =	 {United Abominations},
  year =	 2009,
  url =		 {https://www.youtube.com/watch?v=iEyOwLY3rV4},
  urldate =	 {2025-06-25},
}





































@Comment #############################################################
@Comment Metallica
@Comment #############################################################


@Comment #########################################
@Comment "Kill'Em All" album
@Comment #########################################


@online{ Metallica-Hit-The-Lights-Ver-2022,
  author =	 {Metallica},
  title =	 {Hit The Lights},
  note =	 {Kill'Em All},
  year =	 2022,
  url =		 {https://www.youtube.com/watch?v=1bW2DMOeDEM},
  urldate =	 {2025-06-14},
}



@online{ Metallica-The-Four-Horsemen-Ver-2022,
  author =	 {Metallica},
  title =	 {The~Four Horsemen},
  note =	 {Kill'Em All},
  year =	 2022,
  url =		 {https://www.youtube.com/watch?v=-zKOhVSERS8},
  urldate =	 {2025-06-14},
}



@online{ Metallica-Motorbreath-Ver-2022,
  author =	 {Metallica},
  title =	 {Motorbreath},
  note =	 {Kill'Em All},
  year =	 2022,
  url =		 {https://www.youtube.com/watch?v=crhU92GKnBk},
  urldate =	 {2025-06-14},
}



@online{ Metallica-Jump-In-The-Fire-Ver-2022,
  author =	 {Metallica},
  title =	 {Jump~In The~Fire},
  note =	 {Kill'Em All},
  year =	 2022,
  url =		 {https://www.youtube.com/watch?v=9_DSE3FSalM},
  urldate =	 {2025-06-14},
}



@online{ Metallica-Anesthesia-Pulling-Teeth-Ver-2022,
  author =	 {Metallica},
  title =	 {[Anesthesia]~-- Pulling Teeth},
  note =	 {Kill'Em All},
  year =	 2022,
  url =		 {https://www.youtube.com/watch?v=OG6hTE1ElWw},
  urldate =	 {2025-06-14},
}



@online{ Metallica-Whiplash-Ver-2022,
  author =	 {Metallica},
  title =	 {Whiplash},
  note =	 {Kill'Em All},
  year =	 2022,
  url =		 {https://www.youtube.com/watch?v=beWvPkYHaic},
  urldate =	 {2025-06-14},
}



@online{ Metallica-Phantom-Lord-Ver-2022,
  author =	 {Metallica},
  title =	 {Phantom Lord},
  note =	 {Kill'Em All},
  year =	 2022,
  url =		 {https://www.youtube.com/watch?v=1u0vJfQfx4E},
  urldate =	 {2025-06-14},
}



@online{ Metallica-No-Remorse-Ver-2022,
  author =	 {Metallica},
  title =	 {No Remorse},
  note =	 {Kill'Em All},
  year =	 2022,
  url =		 {https://www.youtube.com/watch?v=4mB5H5lcymA},
  urldate =	 {2025-06-14},
}



@online{ Metallica-Seek-and-Destroy-Ver-2022,
  author =	 {Metallica},
  title =	 {Seek \&~Destroy},
  note =	 {Kill'Em All},
  year =	 2022,
  url =		 {https://www.youtube.com/watch?v=FLTchCiC0T0},
  urldate =	 {2025-06-14},
}



@online{ Metallica-Metal-Militia-Ver-2022,
  author =	 {Metallica},
  title =	 {Metal Militia},
  note =	 {Kill'Em All},
  year =	 2022,
  url =		 {https://www.youtube.com/watch?v=BDaYBB9DkBg},
  urldate =	 {2025-06-14},
}










@Comment #########################################
@Comment "Kill'Em All" album
@Comment #########################################


@online{ Metallica-Metal-Militia-Ver-2022,
  author =	 {Metallica},
  title =	 {???},
  note =	 {Kill'Em All},
  year =	 2022,
  url =		 {https://www.youtube.com/watch?v=BDaYBB9DkBg},
  urldate =	 {2025-06-14},
}






































@Comment ###############################
@Comment "Master of Puppets" live
@Comment ###############################


@online{ Metallica-Leper-Messiah-Helsinki-Finland-7-07-2024-Ver-2024,
  author =	 {Metallica},
  title =	 {Leper Messiah (Helsinki, Finland~-- June 25, 2024)},
  year =	 2024,
  url =		 {https://www.youtube.com/watch?v=QBsKtqZkPyk},
  urldate =	 {2025-01-23},
}










@Comment #########################################
@Comment "Metallica" album
@Comment #########################################


@online{ Metallica-Enter-Sandman-Official-Music-Video-Ver-2012,
  author =	 {Metallica},
  title =	 {Enter Sandman (Official Music Video)},
  note =	 {Metallica, Black Album},
  year =	 2012,
  url =		 {https://www.youtube.com/watch?v=CD-E-LDc384},
  urldate =	 {2025-06-13},
}



@online{ Metallica-Sad-But-True-Official-Music-Video-Ver-2009,
  author =	 {Metallica},
  title =	 {Sad Bad True (Official Music Video)},
  note =	 {Metallica, Black Album},
  year =	 2009,
  url =		 {https://www.youtube.com/watch?v=A8MO7fkZc5o},
  urldate =	 {2025-06-13},
}



@online{ Metallica-Holier-Than-Thou-Ver-2022,
  author =	 {Metallica},
  title =	 {Holier Than Thou},
  note =	 {Metallica, Black Album},
  year =	 2022,
  url =		 {https://www.youtube.com/watch?v=Jk8magGDcKE},
  urldate =	 {2025-06-13},
}



@online{ Metallica-The-Unforgiven-Official-Music-Video-Ver-2009,
  author =	 {Metallica},
  title =	 {The~Unforgiven (Official Music Video)},
  note =	 {Metallica, Black Album; Warner Records Vault},
  year =	 2009,
  url =		 {https://www.youtube.com/watch?v=Ckom3gf57Yw},
  urldate =	 {2025-06-13},
}



@online{ Metallica-Wherever-I-May-Roam-Ver-2022,
  author =	 {Metallica},
  title =	 {Wherever I~May Roam},
  note =	 {Metallica, Black Album},
  year =	 2022,
  url =		 {https://www.youtube.com/watch?v=Z-cEyiM9adE},
  urldate =	 {2025-06-14},
}



@online{ Metallica-Dont-Tread-On-Me-Ver-2022,
  author =	 {Metallica},
  title =	 {Don't Tread On Me},
  note =	 {Metallica, Black Album},
  year =	 2022,
  url =		 {https://www.youtube.com/watch?v=EKyA3x_yh9A},
  urldate =	 {2025-06-14},
}



@online{ Metallica-Through-The-Never-Ver-2022,
  author =	 {Metallica},
  title =	 {Through The~Never},
  note =	 {Metallica, Black Album},
  year =	 2022,
  url =		 {https://www.youtube.com/watch?v=Cdru3Z_F_Sw},
  urldate =	 {2025-06-14},
}



@online{ Metallica-Nothing-Else-Matters-Official-Music-Video-Ver-2009,
  author =	 {Metallica},
  title =	 {Nothing Else Matters (Official Music Video)},
  note =	 {Metallica, Black Album},
  year =	 2009,
  url =		 {https://www.youtube.com/watch?v=tAGnKpE4NCI},
  urldate =	 {2025-06-14},
}



@online{ Metallica-Of-Wolf-and-Man-Ver-2022,
  author =	 {Metallica},
  title =	 {Of~Wolf and~Man},
  note =	 {Metallica, Black Album},
  year =	 2022,
  url =		 {https://www.youtube.com/watch?v=vh9uz3GS7so},
  urldate =	 {2025-06-14},
}



@online{ Metallica-The-God-That-Failed-Ver-2022,
  author =	 {Metallica},
  title =	 {The~God That Failed},
  note =	 {Metallica, Black Album},
  year =	 2022,
  url =		 {https://www.youtube.com/watch?v=Or8Ba20Q_OY},
  urldate =	 {2025-06-14},
}



@online{ Metallica-My-Friend-Of-Misery-Ver-2022,
  author =	 {Metallica},
  title =	 {My~Friend~Of Misery},
  note =	 {Metallica, Black Album},
  year =	 2022,
  url =		 {https://www.youtube.com/watch?v=S3lcF5NFafg},
  urldate =	 {2025-06-14},
}



@online{ Metallica-The-Struggle-Within-Ver-2022,
  author =	 {Metallica},
  title =	 {The~Struggle Within},
  note =	 {Metallica, Black Album},
  year =	 2022,
  url =		 {https://www.youtube.com/watch?v=2HBfAKXsxZU},
  urldate =	 {2025-06-14},
}










@Comment #########################################
@Comment "Load" album
@Comment #########################################


@online{ Metallica-Aint-My-ETC-Ver-2022,
  author =	 {Metallica},
  title =	 {Ain't My Bitch},
  note =	 {Load},
  year =	 2022,
  url =		 {https://www.youtube.com/watch?v=WE0ReQJ-Kfk},
  urldate =	 {2024-12-17},
}



@online{ Metallica-2-X-4-Ver-2022,
  author =	 {Metallica},
  title =	 {2 X 4},
  note =	 {Load},
  year =	 2022,
  url =		 {https://www.youtube.com/watch?v=3LSeFmgTTnI},
  urldate =	 {2024-12-17},
}



@online{ Metallica-The-House-Jack-Built-Ver-2022,
  author =	 {Metallica},
  title =	 {The~House Jack Built},
  note =	 {Load},
  year =	 2022,
  url =		 {https://www.youtube.com/watch?v=4W6Ygt78KR0},
  urldate =	 {2024-12-17},
}



@online{ Metallica-Until-It-Sleeps-Official-Music-Video-Ver-2014,
  author =	 {Metallica},
  title =	 {Until It Sleeps (Official Music Video)},
  note =	 {Load},
  year =	 2014,
  url =		 {https://www.youtube.com/watch?v=eRV9uPr4Dz4},
  urldate =	 {2024-12-17},
}



@online{ Metallica-King-Nothing-Official-Music-Video-Ver-2009,
  author =	 {Metallica},
  title =	 {King Nothing (Official Music Video)},
  note =	 {Load},
  year =	 2009,
  url =		 {https://www.youtube.com/watch?v=Xz9DX_VMXdI},
  urldate =	 {2024-12-24},
}



@online{ Metallica-Hero-Of-The-Day-Official-Music-Video-Ver-2009,
  author =	 {Metallica},
  title =	 {Hero~Of The~Day (Official Music Video)},
  note =	 {Load},
  year =	 2009,
  url =		 {https://www.youtube.com/watch?v=XkfO8c8MlKU},
  urldate =	 {2024-12-24},
}



@online{ Metallica-Bleeding-Me-Ver-2022,
  author =	 {Metallica},
  title =	 {Bleeding Me},
  note =	 {Load},
  year =	 2022,
  url =		 {https://www.youtube.com/watch?v=X-zSbf2L8oU},
  urldate =	 {2024-12-24},
}



@online{ Metallica-Cure-Ver-2022,
  author =	 {Metallica},
  title =	 {Cure},
  note =	 {Load},
  year =	 2022,
  url =		 {https://www.youtube.com/watch?v=7Y5AaWR_1Vg},
  urldate =	 {2024-12-24},
}



@online{ Metallica-Poor-Twisted-Me-Ver-2022,
  author =	 {Metallica},
  title =	 {Poor Twisted Me},
  note =	 {Load},
  year =	 2022,
  url =		 {https://www.youtube.com/watch?v=htitm1X9_wg},
  urldate =	 {2024-12-24},
}



@online{ Metallica-Wasting-My-Hate-Ver-2022,
  author =	 {Metallica},
  title =	 {Wasting My Hate},
  note =	 {Load},
  year =	 2022,
  url =		 {https://www.youtube.com/watch?v=WwuF7xAc96I},
  urldate =	 {2024-12-24},
}



@online{ Metallica-Mama-Said-Official-Music-Video-Ver-2012,
  author =	 {Metallica},
  title =	 {Mama Said (Official Music Video)},
  note =	 {Load},
  year =	 2012,
  url =		 {https://www.youtube.com/watch?v=4FKYsUEuvIo},
  urldate =	 {2024-12-24},
}



@online{ Metallica-Thorn-Within-Ver-2022,
  author =	 {Metallica},
  title =	 {Thorn Within},
  note =	 {Load},
  year =	 2022,
  url =		 {https://www.youtube.com/watch?v=tIYvek7ZU4Q},
  urldate =	 {2024-12-24},
}



@online{ Metallica-Ronnie-Ver-2022,
  author =	 {Metallica},
  title =	 {Ronnie},
  note =	 {Load},
  year =	 2022,
  url =		 {https://www.youtube.com/watch?v=6H8Vyd1TzFk},
  urldate =	 {2024-12-24},
}



@online{ Metallica-The-Outlaw-Torn-Ver-2022,
  author =	 {Metallica},
  title =	 {The~Outlaw Torn},
  note =	 {Load},
  year =	 2022,
  url =		 {https://www.youtube.com/watch?v=w7DrZ2plOVo},
  urldate =	 {2024-12-24},
}



@online{ Metallica-The-Outlaw-Torn-No-More-Manufacturing-ETC-Ver-2025,
  author =	 {Metallica},
  title =	 {The~Outlaw Torn (No~More Manufacturing Limits!)},
  note =	 {Load},
  year =	 2025,
  url =		 {https://www.youtube.com/watch?v=k-iiO4qfkdQ},
  urldate =	 {2025-06-18},
}










@Comment ###############################
@Comment "Load" live
@Comment ###############################


@online{ Metallica-The-Outlaw-Torn-Mannheim-Germany-25-VIII-2019-Ver-2019,
  author =	 {Metallica},
  title =	 {The~Outlaw Torn (Mannheim, Germany~-- August 25, 2019)},
  year =	 2019,
  url =		 {https://www.youtube.com/watch?v=Vs8pt9aK4mc},
  urldate =	 {2024-10-25},
}










@Comment #########################################
@Comment "Reload" album
@Comment #########################################


@online{ Metallica-Fuel-Official-Music-Video-Ver-2009,
  author =	 {Metallica},
  title =	 {Fuel (Official Music Video)},
  note =	 {Reload; Warner Records Vault},
  year =	 2009,
  url =		 {https://www.youtube.com/watch?v=PvF9PAxe5Ng},
  urldate =	 {2025-06-13},
}



@online{ Metallica-The-Memory-Remains-Official-Music-Video-Ver-2009,
  author =	 {Metallica},
  title =	 {The~Memory Remains (Official Music Video)},
  note =	 {Reload},
  year =	 2009,
  url =		 {https://www.youtube.com/watch?v=RDN4awrpPQQ},
  urldate =	 {2025-06-13},
}



@online{ Metallica-Devils-Dance-Video-Ver-2022,
  author =	 {Metallica},
  title =	 {Devil's Dance},
  note =	 {Reload},
  year =	 2022,
  url =		 {https://www.youtube.com/watch?v=R1-177SVHcM},
  urldate =	 {2025-06-13},
}



@online{ Metallica-The-Unforgive-II-Official-Music-Video-Ver-2009,
  author =	 {Metallica},
  title =	 {The~Unforgiven~II (Official Music Video)},
  note =	 {Reload; Warner Records Vault},
  year =	 2009,
  url =		 {https://www.youtube.com/watch?v=5bt7kAVxKfs},
  urldate =	 {2025-06-13},
}



@online{ Metallica-Better-Than-You-Ver-2022,
  author =	 {Metallica},
  title =	 {Better Than You},
  note =	 {Reload},
  year =	 2022,
  url =		 {https://www.youtube.com/watch?v=FIYwZ8VsKqM},
  urldate =	 {2025-06-13},
}



@online{ Metallica-Slither-Ver-2022,
  author =	 {Metallica},
  title =	 {Slither},
  note =	 {Reload},
  year =	 2022,
  url =		 {https://www.youtube.com/watch?v=dBZYjlRb8vI},
  urldate =	 {2025-06-13},
}



@online{ Metallica-Carpe-Diem-Baby-Ver-2022,
  author =	 {Metallica},
  title =	 {Carpe Diem Baby},
  note =	 {Reload},
  year =	 2022,
  url =		 {https://www.youtube.com/watch?v=tb6CnztUvDk},
  urldate =	 {2025-06-13},
}



@online{ Metallica-Bad-Seed-Baby-Ver-2022,
  author =	 {Metallica},
  title =	 {Bad Seed},
  note =	 {Reload},
  year =	 2022,
  url =		 {https://www.youtube.com/watch?v=tRweadugRy8},
  urldate =	 {2025-06-13},
}



@online{ Metallica-Where-The-Wild-Things-Are-Ver-2020,
  author =	 {Metallica},
  title =	 {Where The~Wild Thigs Are},
  note =	 {Reload},
  year =	 2020,
  url =		 {https://www.youtube.com/watch?v=mqmlmM5sMck},
  urldate =	 {2025-06-13},
}



@online{ Metallica-Prince-Charming-Ver-2022,
  author =	 {Metallica},
  title =	 {Prince Charming},
  note =	 {Reload},
  year =	 2022,
  url =		 {https://www.youtube.com/watch?v=c5Ke2C639KU},
  urldate =	 {2025-06-13},
}



@online{ Metallica-Low-Mans-Lyrics-Ver-2022,
  author =	 {Metallica},
  title =	 {Low Man's Lyric},
  note =	 {Reload},
  year =	 2022,
  url =		 {https://www.youtube.com/watch?v=cdgVEb4xYBc},
  urldate =	 {2025-06-13},
}



@online{ Metallica-Attitude-Ver-2022,
  author =	 {Metallica},
  title =	 {Attitude},
  note =	 {Reload},
  year =	 2022,
  url =		 {https://www.youtube.com/watch?v=YSNqJ2zxJ3A},
  urldate =	 {2025-06-13},
}



@online{ Metallica-Fixxer-Ver-2022,
  author =	 {Metallica},
  title =	 {Fixxer},
  note =	 {Reload},
  year =	 2022,
  url =		 {https://www.youtube.com/watch?v=kF7U1zlletc},
  urldate =	 {2025-06-13},
}










@Comment #########################################
@Comment "Garage Inc." album
@Comment #########################################

@online{ Metallica-Fixxer-Ver-2022,
  author =	 {Metallica},
  title =	 {Fixxer},
  note =	 {Reload},
  year =	 2022,
  url =		 {https://www.youtube.com/watch?v=kF7U1zlletc},
  urldate =	 {2025-06-13},
}

@online{ Metallica-Fixxer-Ver-2022,
  author =	 {Metallica},
  title =	 {Fixxer},
  note =	 {Reload},
  year =	 2022,
  url =		 {https://www.youtube.com/watch?v=kF7U1zlletc},
  urldate =	 {2025-06-13},
}

@online{ Metallica-Fixxer-Ver-2022,
  author =	 {Metallica},
  title =	 {Fixxer},
  note =	 {Reload},
  year =	 2022,
  url =		 {https://www.youtube.com/watch?v=kF7U1zlletc},
  urldate =	 {2025-06-13},
}



@online{ Metallica-Turn-the-Page-Official-Music-Video-Ver-2012,
  author =	 {Metallica},
  title =	 {Turn the~Page (Official Music Video)},
  note =	 {Grage Inc.},
  year =	 2012,
  url =		 {https://www.youtube.com/watch?v=qPOTEs_yTJo},
  urldate =	 {2025-06-13},
}




@Comment #########################################
@Comment "St. Anger" album
@Comment #########################################


@online{ Metallica-Frantic-ETC-Ver-2009,
  author =	 {Metallica},
  title =	 {Frantic (Official music video)},
  note =	 {St.~Anger},
  year =	 2009,
  url =		 {https://www.youtube.com/watch?v=Sq3eLdixvCc},
  urldate =	 {2024-10-06},
}



@online{ Metallica-St-Anger-ETC-Ver-2009,
  author =	 {Metallica},
  title =	 {St. Anger (Official music video)},
  note =	 {St.~Anger},
  year =	 2009,
  url =		 {https://www.youtube.com/watch?v=3rFoGVkZ29w},
  urldate =	 {2024-10-06},
}



@online{ Metallica-Some-King-Of-Monster-ETC-Ver-2022,
  author =	 {Metallica},
  title =	 {Some Kind Of Monster (Official music video)},
  note =	 {St.~Anger},
  year =	 2022,
  url =		 {https://www.youtube.com/watch?v=lyodOpUxgHA},
  urldate =	 {2024-10-06},
}



@online{ Metallica-Dirty-Window-Ver-2022,
  author =	 {Metallica},
  title =	 {Dirty Window},
  note =	 {St.~Anger},
  year =	 2022,
  url =		 {https://www.youtube.com/watch?v=sjMc0TG_Jtw},
  urldate =	 {2024-10-06},
}



@online{ Metallica-Invisible-Kid-Ver-2022,
  author =	 {Metallica},
  title =	 {Invisible Kid},
  note =	 {St.~Anger},
  year =	 2022,
  url =		 {https://www.youtube.com/watch?v=oIQGnYzNfQI},
  urldate =	 {2024-10-06},
}



@online{ Metallica-My-World-Ver-2022,
  author =	 {Metallica},
  title =	 {My World},
  note =	 {St.~Anger},
  year =	 2022,
  url =		 {https://www.youtube.com/watch?v=dbWMKEBCw6k},
  urldate =	 {2024-10-06},
}



@online{ Metallica-Shoot-Me-Again-Ver-2022,
  author =	 {Metallica},
  title =	 {Shoot Me Again},
  note =	 {St.~Anger},
  year =	 2022,
  url =		 {https://www.youtube.com/watch?v=pf0rZip-_HI},
  urldate =	 {2024-10-13},
}



@online{ Metallica-Sweet-Amber-Ver-2022,
  author =	 {Metallica},
  title =	 {Sweet Amber},
  note =	 {St.~Anger},
  year =	 2022,
  url =		 {https://www.youtube.com/watch?v=nIlW8y-Lkoo},
  urldate =	 {2024-10-15},
}



@online{ Metallica-The-Unnamed-Feeling-Official-Music-Video-Ver-2022,
  author =	 {Metallica},
  title =	 {The~Unnamed Feeling (Official Music Video)},
  note =	 {St.~Anger},
  year =	 2009,
  url =		 {https://www.youtube.com/watch?v=hR7TBhU-4D8},
  urldate =	 {2024-10-18},
}



@online{ Metallica-Purify-Ver-2022,
  author =	 {Metallica},
  title =	 {Purify},
  note =	 {St.~Anger},
  year =	 2009,
  url =		 {https://www.youtube.com/watch?v=z304EXYvXro},
  urldate =	 {2024-10-18},
}



@online{ Metallica-All-Within-My-Hands-Ver-2022,
  author =	 {Metallica},
  title =	 {All Within My Hands},
  note =	 {St.~Anger},
  year =	 2022,
  url =		 {https://www.youtube.com/watch?v=3i5pkJnY61M},
  urldate =	 {2024-10-18},
}










@Comment #############################################################
@Comment Nightwish
@Comment #############################################################



@Comment #########################################
@Comment "Angels Fall First" album
@Comment #########################################


@online{ Nightwish-Elvenpath-ETC-Ver-2023,
  author =	 {Nightwish},
  title =	 {Elvenpath (Remastered)},
  note =	 {Angels Fall First},
  year =	 2023,
  url =		 {https://www.youtube.com/watch?v=GwKDj2YALVQ},
  urldate =	 {2024-09-02},
}



@online{ Nightwish-Beauty-And-The-Beast-ETC-Ver-2023,
  author =	 {Nightwish},
  title =	 {Beauty And The Beast (Remastered)},
  note =	 {Angels Fall First},
  year =	 2023,
  url =		 {https://www.youtube.com/watch?v=X4f8iN15vVE},
  urldate =	 {2024-09-21},
}



@online{ Nightwish-The-Carpenter-ETC-Ver-2015,
  author =	 {Nightwish},
  title =	 {The Carpenter (Official video)},
  note =	 {Angels Fall First},
  year =	 2015,
  url =		 {https://www.youtube.com/watch?v=Z4A5HwMOfW8},
  urldate =	 {2024-09-21},
}



@online{ Nightwish-Astral-Romance-ETC-Ver-2023,
  author =	 {Nightwish},
  title =	 {Astral Romance (Remastered)},
  note =	 {Angels Fall First},
  year =	 2023,
  url =		 {https://www.youtube.com/watch?v=m_y2Xm8t8Ik},
  urldate =	 {2024-09-21},
}



@online{ Nightwish-Angels-Fall-Firts-ETC-Ver-2023,
  author =	 {Nightwish},
  title =	 {Angels Fall First (Remastered)},
  note =	 {Angels Fall First},
  year =	 2023,
  url =		 {https://www.youtube.com/watch?v=vSRzCOEnY4Q},
  urldate =	 {2024-09-21},
}



@online{ Nightwish-Tutankhamen-ETC-Ver-2023,
  author =	 {Nightwish},
  title =	 {Tutankhamen (Remastered)},
  note =	 {Angels Fall First},
  year =	 2023,
  url =		 {https://www.youtube.com/watch?v=FNjRfjJEF20},
  urldate =	 {2024-09-21},
}



@online{ Nightwish-Nymphomaniac-Fantasia-ETC-Ver-2023,
  author =	 {Nightwish},
  title =	 {Nymphomaniac Fantasia (Remastered)},
  note =	 {Angels Fall First},
  year =	 2023,
  url =		 {https://www.youtube.com/watch?v=5F3ZK52HzZg},
  urldate =	 {2024-09-21},
}



@online{ Nightwish-Know-Why-The-Nightingale-Sing-ETC-Ver-2023,
  author =	 {Nightwish},
  title =	 {Know Why The~Nightingale Sings (Remastered)},
  note =	 {Angels Fall First},
  year =	 2023,
  url =		 {https://www.youtube.com/watch?v=0mEGX4z6BZk},
  urldate =	 {2024-09-21},
}



@online{ Nightwish-Lappi-Part-I-ETC-Ver-2023,
  author =	 {Nightwish},
  title =	 {Lappi, Pt.~I, Erämaajärvi (Remastered)},
  note =	 {Angels Fall First},
  year =	 2023,
  url =		 {https://www.youtube.com/watch?v=0mEGX4z6BZk},
  urldate =	 {2024-09-21},
}



@online{ Nightwish-Lappi-Part-II-ETC-Ver-2023,
  author =	 {Nightwish},
  title =	 {Lappi, Pt.~II, Witchdrums (Remastered)},
  year =	 2023,
  url =		 {https://www.youtube.com/watch?v=zLgJZqvw2OM},
  urldate =	 {2024-09-21},
  note =	 {Angels Fall First},
}



@online{ Nightwish-Lappi-Part-III-ETC-Ver-2023,
  author =	 {Nightwish},
  title =	 {Lappi, Pt.~III, This Moment Is Eternity (Remastered)},
  year =	 2023,
  url =		 {https://www.youtube.com/watch?v=6UCzlNiSx64},
  urldate =	 {2024-09-21},
  note =	 {Angels Fall First},
}



@online{ Nightwish-Lappi-Part-IV-ETC-Ver-2023,
  author =	 {Nightwish},
  title =	 {Lappi, Pt.~III, Etiäinen (Remastered)},
  year =	 2023,
  url =		 {https://www.youtube.com/watch?v=XQlylTnDxb0},
  urldate =	 {2024-09-21},
  note =	 {Angels Fall First},
}










@Comment #########################################
@Comment "Oceanborn" album
@Comment #########################################


@online{ Nightwish-Stargazers-Ver-2023,
  author =	 {Nightwish},
  title =	 {Stargazers},
  year =	 2023,
  url =		 {https://www.youtube.com/watch?v=RUJ2fwAJ5N4},
  urldate =	 {2024-11-24},
  note =	 {Oceanborn},
}



@online{ Nightwish-Gethsemane-Ver-2023,
  author =	 {Nightwish},
  title =	 {Gethesemane},
  year =	 2023,
  url =		 {https://www.youtube.com/watch?v=GFpj8zgb8Fg},
  urldate =	 {2024-11-24},
  note =	 {Oceanborn},
}



@online{ Nightwish-Devil-and-The-Deep-Dark-Ocean-Ver-2023,
  author =	 {Nightwish},
  title =	 {Devil \&~The~Deep Dark Ocean},
  year =	 2023,
  url =		 {https://www.youtube.com/watch?v=EBzWhpayclE},
  urldate =	 {2024-11-24},
  note =	 {Oceanborn},
}



@online{ Nightwish-Sacrament-of-Wilderness-OFFICIAL-VIDEO-Ver-2020,
  author =	 {Nightwish},
  title =	 {Sacrament~of Wilderness (Official video)},
  year =	 2020,
  url =		 {https://www.youtube.com/watch?v=4giSbC9BQLs},
  urldate =	 {2024-11-24},
  note =	 {Oceanborn},
}



@online{ Nightwish-Passion-And-The-Opera-Ver-2023,
  author =	 {Nightwish},
  title =	 {Passion And The Opera},
  year =	 2023,
  url =		 {https://www.youtube.com/watch?v=mywUCNFKThk},
  urldate =	 {2024-11-24},
  note =	 {Oceanborn},
}



@online{ Nightwish-Swanheart-Ver-2023,
  author =	 {Nightwish},
  title =	 {Swanheart},
  year =	 2023,
  url =		 {https://www.youtube.com/watch?v=AEnSPv7IoMg},
  urldate =	 {2024-11-24},
  note =	 {Oceanborn},
}



@online{ Nightwish-Moondance-Ver-2023,
  author =	 {Nightwish},
  title =	 {Moondance},
  year =	 2023,
  url =		 {https://www.youtube.com/watch?v=26PzRYUPhaE},
  urldate =	 {2024-11-24},
  note =	 {Oceanborn},
}



@online{ Nightwish-The-Riddler-Ver-2023,
  author =	 {Nightwish},
  title =	 {The~Riddle},
  year =	 2023,
  url =		 {https://www.youtube.com/watch?v=5njp0jlu72E},
  urldate =	 {2024-11-24},
  note =	 {Oceanborn},
}



@online{ Nightwish-The-Pharao-Sails-To-Orion-Ver-2023,
  author =	 {Nightwish},
  title =	 {The~Pharaoh Sails To Orion},
  year =	 2023,
  url =		 {https://www.youtube.com/watch?v=KwUXifa1GfY},
  urldate =	 {2024-11-24},
  note =	 {Oceanborn},
}



@online{ Nightwish-Walking-In-The-Air-Ver-2023,
  author =	 {Nightwish},
  title =	 {Walking In The~Air},
  year =	 2023,
  url =		 {https://www.youtube.com/watch?v=7UGwmqgC6ck},
  urldate =	 {2024-11-24},
  note =	 {Oceanborn},
}



@online{ Nightwish-Sleeping-Sun-Official-video-Ver-2015,
  author =	 {Nightwish},
  title =	 {Sleeping Sun (Official video)},
  year =	 2015,
  url =		 {https://www.youtube.com/watch?v=UGfKMV5AbMI},
  urldate =	 {2024-11-24},
  note =	 {Oceanborn},
}










@Comment #########################################
@Comment "Wishmaster" album
@Comment #########################################


@online{ Nightwish-She-Is-My-Sin-Ver-2023,
  author =	 {Nightwish},
  title =	 {She Is My Sin},
  year =	 2023,
  url =		 {https://www.youtube.com/watch?v=Sz6-mHQRbac},
  urldate =	 {2024-11-24},
  note =	 {Wishmaster},
}



@online{ Nightwish-The-Kinslayer-Ver-2023,
  author =	 {Nightwish},
  title =	 {The~Kinslayer},
  year =	 2023,
  url =		 {https://www.youtube.com/watch?v=tbMIHckT5No},
  urldate =	 {2024-11-24},
  note =	 {Wishmaster},
}



@online{ Nightwish-Come-Cover-Me-Ver-2023,
  author =	 {Nightwish},
  title =	 {Come Cover Me},
  year =	 2023,
  url =		 {https://www.youtube.com/watch?v=bY5CScWclbU},
  urldate =	 {2024-11-24},
  note =	 {Wishmaster},
}



@online{ Nightwish-Wanderlust-Ver-2023,
  author =	 {Nightwish},
  title =	 {Wanderlust},
  year =	 2023,
  url =		 {https://www.youtube.com/watch?v=Sz6-mHQRbac},
  urldate =	 {2024-11-30},
  note =	 {Wishmaster},
}



@online{ Nightwish-Two-For-Tragedy-Ver-2023,
  author =	 {Nightwish},
  title =	 {Two For Tragedy},
  year =	 2023,
  url =		 {https://www.youtube.com/watch?v=xpdS3l9K80s},
  urldate =	 {2024-11-30},
  note =	 {Wishmaster},
}



@online{ Nightwish-Wishmaster-Ver-2023,
  author =	 {Nightwish},
  title =	 {Wishmaster},
  year =	 2023,
  url =		 {https://www.youtube.com/watch?v=2ZV9Snsk3vU},
  urldate =	 {2024-11-30},
  note =	 {Wishmaster},
}



@online{ Nightwish-Bare-Grace-Misery-Ver-2023,
  author =	 {Nightwish},
  title =	 {Bare Grace Misery},
  year =	 2023,
  url =		 {https://www.youtube.com/watch?v=71gNhxIGfts},
  urldate =	 {2024-11-30},
  note =	 {Wishmaster},
}



@online{ Nightwish-Crownless-Ver-2023,
  author =	 {Nightwish},
  title =	 {Crownless},
  year =	 2023,
  url =		 {https://www.youtube.com/watch?v=YvG58wNFJJI},
  urldate =	 {2024-11-30},
  note =	 {Wishmaster},
}



@online{ Nightwish-Deep-Silent-Complete-Ver-2023,
  author =	 {Nightwish},
  title =	 {Deep Silent Complete},
  year =	 2023,
  url =		 {https://www.youtube.com/watch?v=5Pdrz_TQRgk},
  urldate =	 {2024-11-30},
  note =	 {Wishmaster},
}



@online{ Nightwish-Dead-Boys-Poem-Ver-2023,
  author =	 {Nightwish},
  title =	 {Dead Boy's Poem},
  year =	 2023,
  url =		 {https://www.youtube.com/watch?v=Dm3k7lXNSa8},
  urldate =	 {2024-11-30},
  note =	 {Wishmaster},
}



@online{ Nightwish-FantasMic-Ver-2023,
  author =	 {Nightwish},
  title =	 {FantasMic},
  year =	 2023,
  url =		 {https://www.youtube.com/watch?v=QMWP7I81LMA},
  urldate =	 {2024-11-30},
  note =	 {Wishmaster},
}










@Comment #########################################
@Comment "Century Child" album
@Comment #########################################


@online{ Nightwish-Bless-The-Child-Ver-2015,
  author =	 {Nightwish},
  title =	 {Bless The~Child},
  year =	 2015,
  url =		 {https://www.youtube.com/watch?v=U52aAa9VkEk},
  urldate =	 {2025-01-23},
  note =	 {Century Child},
}



@online{ Nightwish-End-Of-All-Hope-Official-Video-Ver-2020,
  author =	 {Nightwish},
  title =	 {End Of All Hope (Official video)},
  year =	 2020,
  url =		 {https://www.youtube.com/watch?v=7YOAu7G2-8A},
  urldate =	 {2025-01-23},
  note =	 {Century Child},
}



@online{ Nightwish-Dead-To-The-World-Ver-2023,
  author =	 {Nightwish},
  title =	 {Dead To The~World},
  year =	 2023,
  url =		 {https://www.youtube.com/watch?v=Td8VK2r9mTM},
  urldate =	 {2025-01-23},
  note =	 {Century Child},
}



@online{ Nightwish-Ever-Dream-Ver-2023,
  author =	 {Nightwish},
  title =	 {Ever Dream},
  year =	 2023,
  url =		 {https://www.youtube.com/watch?v=lXqncMe3wew},
  urldate =	 {2025-01-23},
  note =	 {Century Child},
}



@online{ Nightwish-Forever-Yours-Ver-2023,
  author =	 {Nightwish},
  title =	 {Forever Yours},
  year =	 2023,
  url =		 {https://www.youtube.com/watch?v=8CLu_2sev5M},
  urldate =	 {2025-01-23},
  note =	 {Century Child},
}



@online{ Nightwish-Ocean-Soul-Ver-2023,
  author =	 {Nightwish},
  title =	 {Ocean Soul},
  year =	 2023,
  url =		 {https://www.youtube.com/watch?v=CICEi6Vy9X0},
  urldate =	 {2025-01-23},
  note =	 {Century Child},
}



@online{ Nightwish-Feel-For-You-Ver-2023,
  author =	 {Nightwish},
  title =	 {Feel For Your},
  year =	 2023,
  url =		 {https://www.youtube.com/watch?v=Prt3JYnjdHM},
  urldate =	 {2025-01-23},
  note =	 {Century Child},
}



@online{ Nightwish-The-Phantom-Of-The-Opera-Ver-2023,
  author =	 {Nightwish},
  title =	 {The~Phantom~Of The~Opera},
  year =	 2023,
  url =		 {https://www.youtube.com/watch?v=n1G5WiMoRjw},
  urldate =	 {2025-01-23},
  note =	 {Century Child},
}



@online{ Nightwish-Beauty-Of-The-Beast-Ver-2023,
  author =	 {Nightwish},
  title =	 {The~Beauty~Of The~Beast},
  year =	 2023,
  url =		 {https://www.youtube.com/watch?v=X3WrCzLIIvk},
  urldate =	 {2025-01-23},
  note =	 {Century Child},
}










@Comment #########################################
@Comment "Once" album
@Comment #########################################


@online{ Nightwish-Dark-Chest-of-Wonders-Ver-2019,
  author =	 {Nightwish},
  title =	 {Dark Chest~of Wonders},
  year =	 2019,
  url =		 {https://www.youtube.com/watch?v=5_5e8bW2cOY},
  urldate =	 {2025-01-23},
  note =	 {Once},
}



@online{ Nightwish-Wish-I-Had-An-Angel-Official-video-Ver-2015,
  author =	 {Nightwish},
  title =	 {Wish I~Had An~Angel (Official video)},
  year =	 2015,
  url =		 {https://www.youtube.com/watch?v=wEERFBI9eCg},
  urldate =	 {2025-01-23},
  note =	 {Once},
}



@online{ Nightwish-Nemo-Official-video-Ver-2019,
  author =	 {Nightwish},
  title =	 {Planet Hell},
  year =	 2019,
  url =		 {https://www.youtube.com/watch?v=rNg2Dh6gPkw},
  urldate =	 {2025-01-23},
  note =	 {Once},
}



@online{ Nightwish-Planet-Hell-Ver-2019,
  author =	 {Nightwish},
  title =	 {Planet Hell},
  year =	 2019,
  url =		 {https://www.youtube.com/watch?v=Ce71ToVVxts},
  urldate =	 {2025-01-23},
  note =	 {Once},
}



@online{ Nightwish-Creek-Marys-Blood-Ver-2019,
  author =	 {Nightwish},
  title =	 {Creek Mary's Blood},
  year =	 2019,
  url =		 {https://www.youtube.com/watch?v=kEILUXXlX4I},
  urldate =	 {2025-01-23},
  note =	 {Once},
}



@online{ Nightwish-The-Siren-Ver-2019,
  author =	 {Nightwish},
  title =	 {The~Siren},
  year =	 2019,
  url =		 {https://www.youtube.com/watch?v=AGMel9fumRg},
  urldate =	 {2025-01-24},
  note =	 {Once},
}



@online{ Nightwish-Dead-Gardens-Ver-2021,
  author =	 {Nightwish},
  title =	 {Dead Gardens},
  year =	 2021,
  url =		 {https://www.youtube.com/watch?v=kkpd1k_ndFk},
  urldate =	 {2025-01-24},
  note =	 {Once},
}



@online{ Nightwish-Romanticide-Ver-2019,
  author =	 {Nightwish},
  title =	 {Romanticide},
  year =	 2021,
  url =		 {https://www.youtube.com/watch?v=WXSKNBBn8pQ},
  urldate =	 {2025-01-24},
  note =	 {Once},
}



@online{ Nightwish-Ghost-Love-Score-Ver-2021,
  author =	 {Nightwish},
  title =	 {Ghost Love Score},
  year =	 2021,
  url =		 {https://www.youtube.com/watch?v=H2rSsyslIig},
  urldate =	 {2025-01-24},
  note =	 {Once},
}



@online{ Nightwish-Kuolema-Tekee-Taiteilijan-Ver-2019,
  author =	 {Nightwish},
  title =	 {Kuolema Tekee Taiteilijan},
  year =	 2019,
  url =		 {https://www.youtube.com/watch?v=XOWUJRZZv4Y},
  urldate =	 {2025-01-24},
  note =	 {Once},
}



@online{ Nightwish-Higher-Than-Hope-Ver-2019,
  author =	 {Nightwish},
  title =	 {Higher Than Hope},
  year =	 2019,
  url =		 {https://www.youtube.com/watch?v=XOWUJRZZv4Y},
  urldate =	 {2025-01-24},
  note =	 {Once},
}










@Comment #########################################
@Comment "Dark Passion Play" album
@Comment #########################################


@online{ Nightwish-The-Poet-and-the-Pendulum-Ver-2019,
  author =	 {Nightwish},
  title =	 {The~Poet and the~Pendulum},
  year =	 2019,
  url =		 {https://www.youtube.com/watch?v=rVVTiG9UgnE},
  urldate =	 {2025-01-26},
  note =	 {Dark Passion Play},
}



@online{ Nightwish-Bye-Bye-Beautiful-Official-music-video-Ver-2007,
  author =	 {Nightwish},
  title =	 {Bye~Bye Beautiful (Official music video)},
  year =	 2007,
  url =		 {https://www.youtube.com/watch?v=hTdhXxxWREo},
  urldate =	 {2025-01-26},
  note =	 {Dark Passion Play},
}



@online{ Nightwish-Amaranth-Official-music-video-Ver-2007,
  author =	 {Nightwish},
  title =	 {Amaranth (Official music video)},
  year =	 2019,
  url =		 {https://www.youtube.com/watch?v=GdZn7k5rZLQ},
  urldate =	 {2025-01-26},
  note =	 {Dark Passion Play},
}



@online{ Nightwish-Cadence-of-Her-Last-Breath-Ver-2019,
  author =	 {Nightwish},
  title =	 {Cadence of Her Last Breath},
  year =	 2019,
  url =		 {https://www.youtube.com/watch?v=V95jbKt-4RA},
  urldate =	 {2025-01-26},
  note =	 {Dark Passion Play},
}



@online{ Nightwish-Master-Passion-Greed-Ver-2019,
  author =	 {Nightwish},
  title =	 {Master Passion Greed},
  year =	 2019,
  url =		 {https://www.youtube.com/watch?v=hBTRq2Kgt3Q},
  urldate =	 {2025-01-26},
  note =	 {Dark Passion Play},
}



@online{ Nightwish-Eva-Ver-2019,
  author =	 {Nightwish},
  title =	 {Eva},
  year =	 2019,
  url =		 {https://www.youtube.com/watch?v=KyB3w1ANk2A},
  urldate =	 {2025-01-26},
  note =	 {Dark Passion Play},
}



@online{ Nightwish-Sahara-Ver-2019,
  author =	 {Nightwish},
  title =	 {Sahara},
  year =	 2019,
  url =		 {https://www.youtube.com/watch?v=OY8C5BcMKag},
  urldate =	 {2025-01-26},
  note =	 {Dark Passion Play},
}



@online{ Nightwish-Whoever-Brings-the-Night-Ver-2019,
  author =	 {Nightwish},
  title =	 {Whoever Brings the~Night},
  year =	 2019,
  url =		 {https://www.youtube.com/watch?v=0yQlDpN8db8},
  urldate =	 {2025-01-26},
  note =	 {Dark Passion Play},
}



@online{ Nightwish-For-the-Heart-I-Once-Had-Ver-2019,
  author =	 {Nightwish},
  title =	 {For the~Heart I~Once Had},
  year =	 2019,
  url =		 {https://www.youtube.com/watch?v=2FjsufSjPSw},
  urldate =	 {2025-01-26},
  note =	 {Dark Passion Play},
}



@online{ Nightwish-The-Islander-Ver-2015,
  author =	 {Nightwish},
  title =	 {The~Islander (Official video)},
  year =	 2015,
  url =		 {https://www.youtube.com/watch?v=--tFFz44zvc},
  urldate =	 {2025-01-26},
  note =	 {Dark Passion Play},
}



@online{ Nightwish-Last-of-the-Wilds-Ver-2019,
  author =	 {Nightwish},
  title =	 {Last~of the~Wilds},
  year =	 2019,
  url =		 {https://www.youtube.com/watch?v=cWTdFolXEgA},
  urldate =	 {2025-01-26},
  note =	 {Dark Passion Play},
}



@online{ Nightwish-7-Days-To-The-Wolves-Ver-2019,
  author =	 {Nightwish},
  title =	 {7~Days To The~Wolves},
  year =	 2019,
  url =		 {https://www.youtube.com/watch?v=aKeL83LFUSo},
  urldate =	 {2025-01-26},
  note =	 {Dark Passion Play},
}



@online{ Nightwish-Meadows-of-Heaven-Ver-2019,
  author =	 {Nightwish},
  title =	 {Meadows~of Heaven},
  year =	 2019,
  url =		 {https://www.youtube.com/watch?v=AY9VI2B71bk},
  urldate =	 {2025-01-26},
  note =	 {Dark Passion Play},
}










@Comment #########################################
@Comment Covers by Nightwish
@Comment #########################################


@online{ Nightwish-Where-Were-You-Last-Night-Ver-2019,
  author =	 {Nightwish},
  title =	 {Where Were You Last Night},
  year =	 2019,
  url =		 {https://www.youtube.com/watch?v=dqvBnbCacZg},
  urldate =	 {2024-10-26},
}










@Comment #############################################################
@Comment Metal covers
@Comment #############################################################


@online{ Antunes-Legendary-Pakistani-Singer-goes-Metal-ETC-Ver-2022,
  author =	 {Andre Antunes},
  title =	 {Legendary Pakistani Singer goes Metal [Sanson Ki
                  Male Pe]},
  year =	 2022,
  url =		 {https://www.youtube.com/watch?v=bp9YVQcOjgo},
  urldate =	 {2024-09-02},
}



@online{ Antunes-Pakistan-goes-METAL-Mustt-Mustt-ETC-Ver-2023,
  author =	 {Andre Antunes},
  title =	 {Pakistan goes METAL~-- "Mustt Mustt"~-- Nusrat Fateh
                  Ali Khan},
  year =	 2023,
  url =		 {https://www.youtube.com/watch?v=aZYG-9usGPI},
  urldate =	 {2024-09-02},
}



@online{ Cederick-Blazon-Stone-Over-the-Hills-Gary-Moore-cover-ETC-Ver-2021,
  author =	 {Cederick / Blazon Stone},
  title =	 {Over the Hills (Gary Moore cover) feat. Vladimir
                  (Claymorean) and Johannes (Palantir)},
  year =	 2021,
  url =		 {https://www.youtube.com/watch?v=HfRe7EZu9Ns},
  urldate =	 {2024-08-28},
}



@online{ Frog-Leap-Studios-Paint-it-Black-ETC-Ver-2020,
  author =	 {Frog Leap Studios},
  title =	 {Paint it Black (metal cover by~Leo Moracchioli)},
  year =	 2020,
  url =		 {https://www.youtube.com/watch?v=03mUI9LaaIg},
  urldate =	 {2024-10-04},
}



@online{ Hall-Hotel-California-Fits-Over-Literally-Anything-ETC-Ver-2024,
  author =	 {Bradley Hall},
  title =	 {"Hotel California" Fits Over Literally ANYTHING (And
                  It's Hilarious)},
  year =	 2024,
  url =		 {https://www.youtube.com/watch?v=Rn2Je2kdQMk},
  urldate =	 {2025-02-08},
}



@online{ Hall-If-Fade-To-Black-And-Comfortably-Numb-SWITCHED-ETC-Ver-2022,
  author =	 {Bradley Hall},
  title =	 {If Fade To Black And Comfortably Numb SWITCHED Solos!},
  year =	 2022,
  url =		 {https://www.youtube.com/watch?v=YQowp1JH0FE},
  urldate =	 {2025-02-08},
}



@online{ Hall-If-Tornado-Of-Souls-And-Hotel-California-ETC-Ver-2022,
  author =	 {Bradley Hall},
  title =	 {If Tornado Of Souls And Hotel California SWITCHED Solos!},
  year =	 2022,
  url =		 {https://www.youtube.com/watch?v=Tc3DY3Lbo50},
  urldate =	 {2025-02-08},
}



@online{ Johansson-82nd-all-the-way-Disney-version-Ver-2022,
  author =	 {Tommy Johansson},
  title =	 {82nd all the way (Disney version)},
  year =	 2022,
  url =		 {https://www.youtube.com/watch?v=G8B_Gn4z0WM},
  urldate =	 {2024-08-15},
}



@online{ Johansson-Blinding-Lights-The-Weeknd-Metal-Version-Ver-2022,
  author =	 {Tommy Johansson},
  title =	 {Blinding Light (The Weeknd~--Metal Version)},
  year =	 2022,
  url =		 {https://www.youtube.com/watch?v=8IawVGRlLm0},
  urldate =	 {2024-08-15},
}



@online{ Johansson-Call-me-Blondie-ETC-Ver-2022,
  author =	 {Tommy Johansson},
  title =	 {Call me~--Blondie (Epic Power Metal)},
  year =	 2022,
  url =		 {https://www.youtube.com/watch?v=a9bXG8inRAA},
  urldate =	 {2024-08-15},
}



@online{ Johansson-Cannelloni-macaroni-Metal-Cover-Ver-2023,
  author =	 {Tommy Johansson},
  title =	 {Cannelloni macaroni (Metal Cover)},
  year =	 2023,
  url =		 {https://www.youtube.com/watch?v=gjpcJwCWjAo},
  urldate =	 {2024-08-16},
}



@online{ Johansson-Gary-Moore-After-the-War-Power-Metal-Cover-Ver-2023,
  author =	 {Tommy Johansson},
  title =	 {Gary Moore~-- After the~War (Power Metal cover)},
  year =	 2023,
  url =		 {https://www.youtube.com/watch?v=aIY7kVGpfVA},
  urldate =	 {2025-04-19},
}



@online{ Johansson-Headless-cross-Black-Sabbath-ETC-Ver-2024,
  author =	 {Tommy Johansson},
  title =	 {Headless cross (Black Sabbath)},
  year =	 2023,
  url =		 {https://www.youtube.com/watch?v=TIbrvxPRWs8},
  urldate =	 {2025-04-19},
}



@online{ Johansson-Never-ending-story-Limahl-Epic-Power-ETC-Ver-2024,
  author =	 {Tommy Johansson},
  title =	 {Never Ending Story (Limahl)~-- Epic Power Metal version},
  year =	 2024,
  url =		 {https://www.youtube.com/watch?v=tTRADWX0NoY},
  urldate =	 {2025-01-24},
}



@online{ Johansson-Over-the-hills-and-far-away-ETC-Ver-2022,
  author =	 {Tommy Johansson},
  title =	 {Over the hills and far away (Gary Moore Cover)},
  year =	 2022,
  url =		 {https://www.youtube.com/watch?v=DBk7eCCiAcw},
  urldate =	 {2024-08-16},
}



@online{ Johansson-Pirates-of-the-Caribbean-ETC-Ver-2022,
  author =	 {Tommy Johansson},
  title =	 {Tommy ReinXeed~-- Pirates~of the~Caribbean, LotR,
                  Benny Hill (Live Kalmar Teater)},
  year =	 2016,
  url =		 {https://www.youtube.com/watch?v=UyYz6PqlJX0},
  urldate =	 {2024-08-30},
}



@online{ Johansson-Thunder-Rising-Gary-Moore-Cover-Ver-2022,
  author =	 {Tommy Johansson},
  title =	 {Thunder Rising (Gary Moore); Cover~by~-- Tommy Johansson},
  year =	 2022,
  url =		 {https://www.youtube.com/watch?v=FwawbDx4_qw},
  urldate =	 {2024-08-23},
}



@online{ Johansson-Twisted-Sister-The-Price-ETC-Ver-2022,
  author =	 {Tommy Johansson},
  title =	 {Twisted Sister~-- The~Price (Cover by~Tommy Johansson)},
  year =	 2022,
  url =		 {https://www.youtube.com/watch?v=OpPlueHFNb4},
  urldate =	 {2024-08-18},
}



@online{ Papadopoulos-Nightwish-Ghost-Love-Score-ETC-Ver-2019,
  author =	 {Yannis Papadopoulos},
  title =	 {Nightwish "Ghost Love Score" (Vocal Cover)},
  year =	 2019,
  url =		 {https://www.youtube.com/watch?v=nfZxu1aQzp8},
  urldate =	 {2024-08-31},
}



@online{ Radio-Tapok-Sabaton-The-Attack-of-the-Dead-Men-ETC-Ver-2019,
  author =	 {Radio Tapoka},
  title =	 {Sabaton~-- The~Attack~of the~Dead Mem (Cover by
                  Radio Tapok)},
  year =	 2019,
  url =		 {https://www.youtube.com/watch?v=hRow6G5wQIw},
  urldate =	 {2024-11-03},
}



@online{ RichaadEB-Dead-or-Alive-You-Spin-Me-Round-ETC-Ver-2019,
  author =	 {RichaadEB},
  title =	 {Dead or Alive "You Spin Me Round"; Metal Covery
                  by~RichaadEB \&~Caleb Hyles},
  year =	 2019,
  url =		 {https://www.youtube.com/watch?v=4iXUQ_RCVMQ},
  urldate =	 {2024-08-29},
}



@online{ Serrahima-Creeping-Death-Metallica-ETC-Ver-2021,
  author =	 {Miquel Serrahima},
  title =	 {"Creeping Death" Metallica (Violin \&~Cello Cover)},
  year =	 2021,
  url =		 {https://www.youtube.com/watch?v=0cNR_Ers6KU},
  urldate =	 {2024-08-30},
}



@online{ Serrahima-Eagle-Fly-Free-Helloween-ETC-Ver-2023,
  author =	 {Miquel Serrahima},
  title =	 {"Eagle Fly Free" Helloween (Violin)},
  year =	 2023,
  url =		 {https://www.youtube.com/watch?v=vu2M_jZBqAI},
  urldate =	 {2024-08-30},
}



@online{ Serrahima-Fast-as-a-Shark-Accept-ETC-Ver-2020,
  author =	 {Miquel Serrahima},
  title =	 {"Fast as a~Shark" Accept (Violin cover)},
  year =	 2020,
  url =		 {https://www.youtube.com/watch?v=YMhnn9KmiEg},
  urldate =	 {2024-08-30},
}



@online{ Serrahima-Painkiller-Judas-Priest-ETC-Ver-2021,
  author =	 {Miquel Serrahima},
  title =	 {"Painkille" Judas Priest (Violin Cover/Drums Cover)},
  year =	 2022,
  url =		 {https://www.youtube.com/watch?v=nto-QDSy2Lg},
  urldate =	 {2025-02-03},
}



@online{ Serrahima-Kill-The-King-Rainbow-Violin-cover-Ver-2021,
  author =	 {Miquel Serrahima},
  title =	 {"Kill The~King" Rainbow (Violin cover)},
  year =	 2021,
  url =		 {https://www.youtube.com/watch?v=4gGR3Iwg5RQ},
  urldate =	 {2024-09-15},
}



@online{ Serrahima-Princess-of-the-Night-Saxon-ETC-Ver-2022,
  author =	 {Miquel Serrahima},
  title =	 {"Princess~of the Night" Saxon (Violin cover)},
  year =	 2022,
  url =		 {https://www.youtube.com/watch?v=wrzv4PA1SHU},
  urldate =	 {2024-08-27},
}



@online{ Serrahima-Ride-the-Sky-Helloween-ETC-Ver-2020,
  author =	 {Miquel Serrahima},
  title =	 {"Ride the Sky" Helloween (Violin cover)},
  year =	 2020,
  url =		 {https://www.youtube.com/watch?v=1foJHVtjF8Y},
  urldate =	 {2024-09-08},
}



@online{ Serrahima-The-Last-in-Line-Dio-ETC-Ver-2022,
  author =	 {Miquel Serrahima},
  title =	 {"The Last in Line" Dio (Violin cover)},
  year =	 2021,
  url =		 {https://www.youtube.com/watch?v=c3FIuY9DGlM},
  urldate =	 {2024-11-07},
}



@online{ Vasc-Heaven-Is-A-Place-On-Earth-Metal-Cover-ETC-Ver-2022,
  author =	 {Dan Vasc},
  title =	 {"Heaven Is A~Place On Earth" METAL COVER--~ Belinda
                  Carlisle},
  year =	 2022,
  url =		 {https://www.youtube.com/watch?v=kTESmfBWCO0},
  urldate =	 {2025-02-07},
}



@online{ YaboiMatoi-Badd-Apple-ETC-Ver-2023,
  author =	 {YaboiMatoi},
  title =	 {"BAD APPLE"!!~-- FULL COVER by YaboiMatoi (ft.
                  RichaadEB \&~MTB)},
  year =	 2023,
  url =		 {https://www.youtube.com/watch?v=8aDeVm4VIUU},
  urldate =	 {2024-09-01},
}










@Comment #############################################################
@Comment Numenor
@Comment #############################################################


@online{ Numenor-The-Oath-of-Feanor-Ver-2015,
  author =	 {Numenor},
  title =	 {The~Oath of F\"{e}anor},
  year =	 2015,
  url =		 {https://www.youtube.com/watch?v=E4Xkr24Dp9k},
  urldate =	 {2024-12-22},
}










@Comment #########################################
@Comment Progressive metal
@Comment #########################################


@online{ Ayreon-Merlins-Will-ETC-2021,
  author =	 {Ayreon},
  title =	 {Meriln's Will (The Final Experiment) 1995},
  year =	 2017,
  url =		 {https://www.youtube.com/watch?v=eM57ZhjBz14},
  urldate =	 {2024-08-23},
  note =	 {Arjen Anthony Lucassen},
}










@Comment #############################################################
@Comment Sabaton
@Comment #############################################################


@online{ Sabaton-Hail-To-The-King-Official-Lyric-Video-Ver-2024,
  author =	 {Sabaton},
  title =	 {Hail To The King (Official Lyric Video)},
  year =	 2024,
  url =		 {https://www.youtube.com/watch?v=O0mQEJAU58M},
  urldate =	 {2025-01-17},
}



@online{ Sabaton-Metal-Ripper-Official-Lyric-Video-Ver-2022,
  author =	 {Sabaton},
  title =	 {Metal Ripper (Official Lyric Video)},
  year =	 2022,
  url =		 {https://www.youtube.com/watch?v=OQH7N0Lf4F8},
  urldate =	 {2024-12-14},
}



@online{ Sabaton-White-Death-Official-Lyric-Video-Ver-2022,
  author =	 {Sabaton},
  title =	 {White Death (Official Lyric Video)},
  year =	 2022,
  url =		 {https://www.youtube.com/watch?v=JRIfWazqIQ8},
  urldate =	 {2024-12-03},
}










@Comment #############################################################
@Comment Swedish metal
@Comment #############################################################






@online{ Thundermother-Driving-in-Style-ETC-Ver-2020,
  author =	 {Thundermother},
  title =	 {Driving In~Style (2020); Official Music Video},
  year =	 2020,
  url =		 {https://www.youtube.com/watch?v=gyL8pHR2UPk},
  urldate =	 {2024-09-06},
  note =	 {AFM Records},
}
