@Comment #############################################################
@Comment Heavy metal. Netography
@Comment #############################################################p


@online{ Caouldron-Nitebreaker-Ver-2011,
  author =	 {Cauldron},
  title =	 {Nitebreaker},
  year =	 2012,
  url =		 {https://www.youtube.com/watch?v=_ZYrPR5cr5o},
  urldate =	 {21-VIII-2024},
  note =	 {CauldrongVEVO},
}



@online{ Killswitch-Engage-Holy-Diver-Official-video-Ver-2009,
  author =	 {Killswitch Engage},
  title =	 {Holy Diver (Official video)},
  year =	 2009,
  url =		 {https://www.youtube.com/watch?v=NR7dG_m3MsI},
  urldate =	 {21-VIII-2024},
  note =	 {Roadrunner Records},
}



@online{ Michael-Schanker-Fest-Take-Me-To-The-Church-ETC-Ver-2018,
  author =	 {Michale Schanker Fest},
  title =	 {Take Me To The Church (Official Music Video)},
  year =	 2018,
  url =		 {https://www.youtube.com/watch?v=9o34ooePv-E},
  urldate =	 {15-VIII-2024},
  note =	 {Reigning Phoenix Music},
}



@online{ Michael-Schanker-Fest-Take-Me-To-The-Church-ETC-Ver-2018,
  author =	 {Michale Schanker Fest},
  title =	 {Take Me To The Church (Official Music Video)},
  year =	 2018,
  url =		 {https://www.youtube.com/watch?v=9o34ooePv-E},
  urldate =	 {15-VIII-2024},
  note =	 {Reigning Phoenix Music},
}



@online{ Orions-Reign-and-Minniva-Nostos-Official-Video-Ver-2018,
  author =	 {Orion's Reign and Minniva},
  title =	 {Take Me To The Church (Official Music Video)},
  year =	 2018,
  url =		 {https://www.youtube.com/watch?v=9o34ooePv-E},
  urldate =	 {15-VIII-2024},
  note =	 {Orion's Reign},
}



@online{ MSG-Sail-The-Darkness-ETC-Ver-2018,
  author =	 {MSG},
  title =	 {Sail The Darkness (Official Lyric Video)},
  year =	 2021,
  url =		 {https://www.youtube.com/watch?v=8lss0xI2HaA},
  urldate =	 {21-VIII-2024},
  note =	 {Reigning Phoenix Music},
}










@Comment #############################################################
@Comment Beast in Black
@Comment #############################################################


@online{ Beast-in-Black-Born-Again-Official-lyric-video-Ver-2017,
  author =	 {Beast in Black},
  title =	 {Born Again (Official lyric video)},
  year =	 2017,
  url =		 {https://www.youtube.com/watch?v=TZcWVsDSqpE},
  urldate =	 {28-VIII-2024},
  note =	 {Nuclear Blast Records},
}



@online{ Beast-in-Black-Broken-Survivors-ETC-Ver-2022,
  author =	 {Beast in Black},
  title =	 {Broken Survivors (Official lyric video)},
  year =	 2022,
  url =		 {https://www.youtube.com/watch?v=Hm1eWYDNSNk},
  urldate =	 {21-VIII-2024},
  note =	 {Nuclear Blast Records},
}



@online{ Beast-in-Black-Power-Of-The-Beast-ETC-Ver-2024,
  author =	 {Beast in Black},
  title =	 {Power~Of The~Beast (Official Music Video)},
  year =	 2024,
  url =		 {https://www.youtube.com/watch?v=Ui_eoW3BXGI},
  urldate =	 {16-VIII-2024},
  note =	 {Nuclear Blast Records},
}










@Comment #############################################################
@Comment DragonForce
@Comment #############################################################


@online{ DragonForce-Strangers-Official-Video-ETC-Ver-2021,
  author =	 {DragonForce},
  title =	 {Strangers (Official Video~-- Extreme Power Metal)},
  year =	 2021,
  url =		 {https://www.youtube.com/watch?v=eZH1tnWyrRY},
  urldate =	 {18-VIII-2024},
}










@Comment #############################################################
@Comment Iron Maiden
@Comment #############################################################


@Comment #########################################
@Comment Somewhere in Time
@Comment #########################################


@online{ Iron-Maiden-Wasted-Years-Official-Video-Ver-2015,
  author =	 {Iron Maiden},
  title =	 {Wasted Years (Official Video)},
  year =	 2015,
  url =		 {https://www.youtube.com/watch?v=Ij99dud8-0A},
  urldate =	 {15-X-2024},
}



@online{ Iron-Maiden-Sea-of-Madness-Ver-2018,
  author =	 {Iron Maiden},
  title =	 {Sea of Madness},
  year =	 2018,
  url =		 {https://www.youtube.com/watch?v=vgPV-fHeXeU},
  urldate =	 {15-X-2024},
}



@online{ Iron-Maiden-Heaven-Can-Wait-Ver-2018,
  author =	 {Iron Maiden},
  title =	 {Heaven Can Wait},
  year =	 2018,
  url =		 {https://www.youtube.com/watch?v=tAY2woGdN8M},
  urldate =	 {15-X-2024},
}










@Comment #############################################################
@Comment Iron Savior
@Comment #############################################################


@online{ Iron-Savior-Stand-Up-And-Fight-Official-Music-Video-Ver-2019,
  author =	 {Iron Savior},
  title =	 {Stand Up And Fight (2019); Official Music Video},
  year =	 2019,
  url =		 {https://www.youtube.com/watch?v=ttNLD8QemGA},
  urldate =	 {14-VIII-2024},
  note =	 {AFM Records},
}










@Comment #############################################################
@Comment Judas Priest
@Comment #############################################################


































































@Comment #########################################
@Comment "Ram It Down" album
@Comment #########################################


@online{ Judas-Priest-Ram-It-Down-Ver-2014,
  author =	 {Judas Priest},
  title =	 {Ram It Down},
  year =	 2014,
  url =		 {https://www.youtube.com/watch?v=v0jVb9TmfRM},
  urldate =	 {04-VIII-2024},
  note =	 {Ram It Down},
}



@online{ Judas-Priest-Heavy-Metal-Ver-2014,
  author =	 {Judas Priest},
  title =	 {Heavy Metal},
  year =	 2014,
  url =		 {https://www.youtube.com/watch?v=2AYB-Gjo6cU},
  urldate =	 {04-VIII-2024},
  note =	 {Ram It Down},
}



@online{ Judas-Priest-Ram-It-Down-Ver-2014,
  author =	 {Judas Priest},
  title =	 {Ram It Down},
  year =	 2014,
  url =		 {https://www.youtube.com/watch?v=v0jVb9TmfRM},
  urldate =	 {04-VIII-2024},
}










@Comment #############################################################
@Comment Lovebites
@Comment #############################################################


@online{ Lovebites-Battle-against-damnation-Snippets-Ver-2018,
  author =	 {Lovebites},
  title =	 {Battle against damnation (Snippets)]},
  year =	 2018,
  url =		 {https://www.youtube.com/watch?v=QnxWTAmZBNI},
  urldate =	 {19-IX-2024},
}



@online{ Lovebites-Clockwork-immortality-Snippets-Ver-2018,
  author =	 {Lovebites},
  title =	 {Clockwork immortality (Snippets)]},
  year =	 2018,
  url =		 {https://www.youtube.com/watch?v=kteyEnFRv58},
  urldate =	 {19-IX-2024},
}



@online{ Lovebites-Dont-Bite-The-Dust-Live-from-Ver-2017,
  author =	 {Lovebites},
  title =	 {Don't Bite The Dust [Live from "Ride For Vengeance
                  Tour 2021"]},
  year =	 2021,
  url =		 {https://www.youtube.com/watch?v=oHnKGEj1CMc},
  urldate =	 {12-X-2024},
}



@online{ Lovebites-Dont-Bite-The-Dust-Music-video-Ver-2017,
  author =	 {Lovebites},
  title =	 {Don't Bite The Dust [Music video]},
  year =	 2017,
  url =		 {https://www.youtube.com/watch?v=Zx9KPfvMVjY},
  urldate =	 {13-IX-2024},
}



@online{ Lovebites-Holy-WAr-Live-at-Zepp-DiverCity-ETC-Ver-2020,
  author =	 {Lovebites},
  title =	 {Holy War [Live at Zepp DiverCity Tokyo 2020]},
  year =	 2020,
  url =		 {https://www.youtube.com/watch?v=bgAxpEpEcno},
  urldate =	 {12-X-2024},
}



@online{ Lovebites-Liar-Official-Live-Video-takien-from-Ver-2023,
  author =	 {Lovebites},
  title =	 {Liar [Official Live Video taken from "Knockin' At
                  Heaven's Gate"]},
  year =	 2023,
  url =		 {https://www.youtube.com/watch?v=YWHPfnJz2qk},
  urldate =	 {29-IX-2024},
}



@online{ Lovebites-Nameless-Warriot-Official-Live-Video-taken-ETC-Ver-2023,
  author =	 {Lovebites},
  title =	 {Nameless Warrior [Official Live Video taken from
                  "Knockin' At Heaven's Gate"]},
  year =	 2023,
  url =		 {https://www.youtube.com/watch?v=Dl29tiJCbNM},
  urldate =	 {16-IX-2024},
}



@online{ Lovebites-Set-The-World-On-Fire-Live-ETC-Ver-2021,
  author =	 {Lovebites},
  title =	 {Set The World On Fire [Live from "Ride For Vengeance
                  Tour 2021"]},
  year =	 2021,
  url =		 {https://www.youtube.com/watch?v=99zsH6iG_6c},
  urldate =	 {19-IX-2024},
}



@online{ Lovebites-Stand-And-Deliver-Shootem-Down-Live-ETC-Ver-2023,
  author =	 {Lovebites},
  title =	 {Stand And Deliver (Shoot'em Down) [Live Video taken from
                  "Knockin' At Heaven's Gate"~-- Part~II]},
  year =	 2023,
  url =		 {https://www.youtube.com/watch?v=cNi-OEjzMdA},
  urldate =	 {23-IX-2024},
}



@online{ Lovebites-The-Hammer-Of-Wrath-Official-Live-Video-ETC-Ver-2023,
  author =	 {Lovebites},
  title =	 {The~Hammer~Of Wrath [Official Live Video taken from
                  "Knockin' At Heaven's Gate"]},
  year =	 2023,
  url =		 {https://www.youtube.com/watch?v=pHrWRT0Jeac},
  urldate =	 {16-IX-2024},
}



@online{ Lovebites-Thunder-Vengeance-Live-at-DiverCity-ETC-Ver-2020,
  author =	 {Lovebites},
  title =	 {Thunder Vengeance [Live at Zepp DiverCity Tokyo 2020]},
  year =	 2020,
  url =		 {https://www.youtube.com/watch?v=yWE7PqCpGi4},
  urldate =	 {29-IX-2024},
}



@online{ Lovebites-Unchained-ETC-Ver-2021,
  author =	 {Lovebites},
  title =	 {Unchained (Official music video)},
  year =	 2024,
  url =		 {https://www.youtube.com/watch?v=vbbMpq2zghQ},
  urldate =	 {06-IX-2024},
}



@online{ Lovebites-When-Destinies-Align-4K-Music-video-Ver-2019,
  author =	 {Lovebites},
  title =	 {When Destinies Align [4K music video]},
  year =	 2019,
  url =		 {https://www.youtube.com/watch?v=hLFelI93VkM},
  urldate =	 {12-X-2024},
}










@Comment #############################################################
@Comment Metallica
@Comment #############################################################


@Comment #########################################
@Comment "St. Anger" album
@Comment #########################################


@online{ Metallica-Frantic-ETC-Ver-2009,
  author =	 {Metallica},
  title =	 {Frantic (Official music video)},
  year =	 2009,
  url =		 {https://www.youtube.com/watch?v=Sq3eLdixvCc},
  urldate =	 {6-X-2024},
}



@online{ Metallica-St-Anger-ETC-Ver-2009,
  author =	 {Metallica},
  title =	 {St. Anger (Official music video)},
  year =	 2009,
  url =		 {https://www.youtube.com/watch?v=3rFoGVkZ29w},
  urldate =	 {6-X-2024},
}



@online{ Metallica-Some-King-Of-Monster-Ver-2022,
  author =	 {Metallica},
  title =	 {St. Anger (Official music video)},
  year =	 2022,
  url =		 {https://www.youtube.com/watch?v=NxSgYehng1k},
  urldate =	 {6-X-2024},
}



@online{ Metallica-Some-King-Of-Monster-ETC-Ver-2022,
  author =	 {Metallica},
  title =	 {Some Kind Of Monster (Official music video)},
  year =	 2022,
  url =		 {https://www.youtube.com/watch?v=lyodOpUxgHA},
  urldate =	 {6-X-2024},
}



@online{ Metallica-Dirty-Window-Ver-2022,
  author =	 {Metallica},
  title =	 {Dirty Window},
  year =	 2022,
  url =		 {https://www.youtube.com/watch?v=sjMc0TG_Jtw},
  urldate =	 {6-X-2024},
}



@online{ Metallica-Invisible-Kid-Ver-2022,
  author =	 {Metallica},
  title =	 {Invisible Kid},
  year =	 2022,
  url =		 {https://www.youtube.com/watch?v=oIQGnYzNfQI},
  urldate =	 {6-X-2024},
}



@online{ Metallica-My-World-Ver-2022,
  author =	 {Metallica},
  title =	 {My World},
  year =	 2022,
  url =		 {https://www.youtube.com/watch?v=dbWMKEBCw6k},
  urldate =	 {6-X-2024},
}



@online{ Metallica-Shoot-Me-Again-Ver-2022,
  author =	 {Metallica},
  title =	 {Shoot Me Again},
  year =	 2022,
  url =		 {https://www.youtube.com/watch?v=pf0rZip-_HI},
  urldate =	 {13-X-2024},
}



@online{ Metallica-Sweet-Amber-Ver-2022,
  author =	 {Metallica},
  title =	 {Sweet Amber},
  year =	 2022,
  url =		 {https://www.youtube.com/watch?v=nIlW8y-Lkoo},
  urldate =	 {15-X-2024},
}



@online{ Metallica-The-Unnamed-Feeling-Official-Music-Video-Ver-2022,
  author =	 {Metallica},
  title =	 {The~Unnamed Feeling (Official Music Video)},
  year =	 2009,
  url =		 {https://www.youtube.com/watch?v=hR7TBhU-4D8},
  urldate =	 {18-X-2024},
}



@online{ Metallica-Purify-Ver-2022,
  author =	 {Metallica},
  title =	 {Purify},
  year =	 2009,
  url =		 {https://www.youtube.com/watch?v=z304EXYvXro},
  urldate =	 {18-X-2024},
}





@Comment #########################################
@Comment Nightwish
@Comment #########################################



@Comment ###############################
@Comment "Angels Fall First" album
@Comment ###############################


@online{ Nightwish-Elvenpath-ETC-Ver-2023,
  author =	 {Nightwish},
  title =	 {Elvenpath (Remastered)},
  year =	 2023,
  url =		 {https://www.youtube.com/watch?v=GwKDj2YALVQ},
  urldate =	 {02-IX-2024},
  note =	 {Angels Fall First},
}



@online{ Nightwish-Beauty-And-The-Beast-ETC-Ver-2023,
  author =	 {Nightwish},
  title =	 {Beauty And The Beast (Remastered)},
  year =	 2023,
  url =		 {https://www.youtube.com/watch?v=X4f8iN15vVE},
  urldate =	 {21-IX-2024},
  note =	 {Angels Fall First},
}



@online{ Nightwish-The-Carpenter-ETC-Ver-2015,
  author =	 {Nightwish},
  title =	 {The Carpenter (Official video)},
  year =	 2015,
  url =		 {https://www.youtube.com/watch?v=X4f8iN15vVE},
  urldate =	 {21-IX-2024},
  note =	 {Angels Fall First},
}



@online{ Nightwish-Astral-Romance-ETC-Ver-2023,
  author =	 {Nightwish},
  title =	 {Astral Romance (Remastered)},
  year =	 2023,
  url =		 {https://www.youtube.com/watch?v=m_y2Xm8t8Ik},
  urldate =	 {21-IX-2024},
  note =	 {Angels Fall First},
}



@online{ Nightwish-Angels-Fall-Firts-ETC-Ver-2023,
  author =	 {Nightwish},
  title =	 {Angels Fall First (Remastered)},
  year =	 2023,
  url =		 {https://www.youtube.com/watch?v=vSRzCOEnY4Q},
  urldate =	 {21-IX-2024},
  note =	 {Angels Fall First},
}



@online{ Nightwish-Tutankhamen-ETC-Ver-2023,
  author =	 {Nightwish},
  title =	 {Tutankhamen (Remastered)},
  year =	 2023,
  url =		 {https://www.youtube.com/watch?v=FNjRfjJEF20},
  urldate =	 {21-IX-2024},
  note =	 {Angels Fall First},
}



@online{ Nightwish-Nymphomaniac-Fantasia-ETC-Ver-2023,
  author =	 {Nightwish},
  title =	 {Nymphomaniac Fantasia (Remastered)},
  year =	 2023,
  url =		 {https://www.youtube.com/watch?v=5F3ZK52HzZg},
  urldate =	 {21-IX-2024},
  note =	 {Angels Fall First},
}



@online{ Nightwish-Know-Why-The-Nightingale-Sing-ETC-Ver-2023,
  author =	 {Nightwish},
  title =	 {Know Why The~Nightingale Sings (Remastered)},
  year =	 2023,
  url =		 {https://www.youtube.com/watch?v=0mEGX4z6BZk},
  urldate =	 {21-IX-2024},
  note =	 {Angels Fall First},
}



@online{ Nightwish-Lappi-Part-I-ETC-Ver-2023,
  author =	 {Nightwish},
  title =	 {Lappi, Pt.~I, Erämaajärvi (Remastered)},
  year =	 2023,
  url =		 {https://www.youtube.com/watch?v=0mEGX4z6BZk},
  urldate =	 {21-IX-2024},
  note =	 {Angels Fall First},
}



@online{ Nightwish-Lappi-Part-II-ETC-Ver-2023,
  author =	 {Nightwish},
  title =	 {Lappi, Pt.~II, Witchdrums (Remastered)},
  year =	 2023,
  url =		 {https://www.youtube.com/watch?v=zLgJZqvw2OM},
  urldate =	 {21-IX-2024},
  note =	 {Angels Fall First},
}



@online{ Nightwish-Lappi-Part-III-ETC-Ver-2023,
  author =	 {Nightwish},
  title =	 {Lappi, Pt.~III, This Moment Is Eternity (Remastered)},
  year =	 2023,
  url =		 {https://www.youtube.com/watch?v=6UCzlNiSx64},
  urldate =	 {21-IX-2024},
  note =	 {Angels Fall First},
}



@online{ Nightwish-Lappi-Part-IV-ETC-Ver-2023,
  author =	 {Nightwish},
  title =	 {Lappi, Pt.~III, Etiäinen (Remastered)},
  year =	 2023,
  url =		 {https://www.youtube.com/watch?v=XQlylTnDxb0},
  urldate =	 {21-IX-2024},
  note =	 {Angels Fall First},
}








































@Comment #########################################
@Comment Metal covers
@Comment #########################################


@online{ Antunes-Legendary-Pakistani-Singer-goes-Metal-ETC-Ver-2022,
  author =	 {Andre Antunes},
  title =	 {Legendary Pakistani Singer goes Metal [Sanson Ki
                  Male Pe]},
  year =	 2022,
  url =		 {https://www.youtube.com/watch?v=bp9YVQcOjgo},
  urldate =	 {02-IX-2024},
}



@online{ Antunes-Pakistan-goes-METAL-Mustt-Mustt-ETC-Ver-2023,
  author =	 {Andre Antunes},
  title =	 {Pakistan goes METAL~-- "Mustt Mustt"~-- Nusrat Fateh
                  Ali Khan},
  year =	 2023,
  url =		 {https://www.youtube.com/watch?v=aZYG-9usGPI},
  urldate =	 {02-IX-2024},
}



@online{ Cederick-Blazon-Stone-Over-the-Hills-Gary-Moore-cover-ETC-Ver-2021,
  author =	 {Cederick / Blazon Stone},
  title =	 {Over the Hills (Gary Moore cover) feat. Vladimir
                  (Claymorean) and Johannes (Palantir)},
  year =	 2021,
  url =		 {https://www.youtube.com/watch?v=HfRe7EZu9Ns},
  urldate =	 {28-VIII-2024},
}



@online{ Frog-Leap-Studios-Paint-it-Black--ETC-Ver-2020,
  author =	 {Frog Leap Studios},
  title =	 {Paint it Black (metal cover by~Leo Moracchioli)},
  year =	 2020,
  url =		 {https://www.youtube.com/watch?v=03mUI9LaaIg},
  urldate =	 {4-X-2024},
}



@online{ Johansson-82nd-all-the-way-Disney-version-Ver-2022,
  author =	 {Tommy Johansson},
  title =	 {82nd all the way (Disney version)},
  year =	 2022,
  url =		 {https://www.youtube.com/watch?v=G8B_Gn4z0WM},
  urldate =	 {15-VIII-2024},
}



@online{ Johansson-Blinding-Lights-The-Weeknd-Metal-Version-Ver-2022,
  author =	 {Tommy Johansson},
  title =	 {Blinding Light (The Weeknd~--Metal Version)},
  year =	 2022,
  url =		 {https://www.youtube.com/watch?v=8IawVGRlLm0},
  urldate =	 {15-VIII-2024},
}



@online{ Johansson-Call-me-Blondie-ETC-Ver-2022,
  author =	 {Tommy Johansson},
  title =	 {Call me~--Blondie (Epic Power Metal)},
  year =	 2022,
  url =		 {https://www.youtube.com/watch?v=a9bXG8inRAA},
  urldate =	 {18-VIII-2024},
}



@online{ Johansson-Cannelloni-macaroni-Metal-Cover-Ver-2023,
  author =	 {Tommy Johansson},
  title =	 {Cannelloni macaroni (Metal Cover)},
  year =	 2023,
  url =		 {https://www.youtube.com/watch?v=gjpcJwCWjAo},
  urldate =	 {16-VIII-2024},
}



@online{ Johansson-Over-the-hills-and-far-away-ETC-Ver-2022,
  author =	 {Tommy Johansson},
  title =	 {Over the hills and far away (Gary Moore Cover)},
  year =	 2022,
  url =		 {https://www.youtube.com/watch?v=DBk7eCCiAcw},
  urldate =	 {16-VIII-2024},
}



@online{ Johansson-Pirates-of-the-Caribbean-ETC-Ver-2022,
  author =	 {Tommy Johansson},
  title =	 {Tommy ReinXeed~-- Pirates~of the~Caribbean, LotR,
                  Benny Hill (Live Kalmar Teater)},
  year =	 2016,
  url =		 {https://www.youtube.com/watch?v=UyYz6PqlJX0},
  urldate =	 {30-VIII-2024},
}



@online{ Johansson-Thunder-Rising-Gary-Moore-Cover-Ver-2022,
  author =	 {Tommy Johansson},
  title =	 {Thunder Rising (Gary Moore); Cover~by~-- Tommy Johansson},
  year =	 2022,
  url =		 {https://www.youtube.com/watch?v=FwawbDx4_qw},
  urldate =	 {23-VIII-2024},
}



@online{ Johansson-Twisted-Sister-The-Price-ETC-Ver-2022,
  author =	 {Tommy Johansson},
  title =	 {Twisted Sister~-- The~Price (Cover by~Tommy Johansson)},
  year =	 2022,
  url =		 {https://www.youtube.com/watch?v=OpPlueHFNb4},
  urldate =	 {18-VIII-2024},
}



@online{ Papadopoulos-Nightwish-Ghost-Love-Score-ETC-Ver-2019,
  author =	 {Yannis Papadopoulos},
  title =	 {Nightwish "Ghost Love Score" (Vocal Cover)},
  year =	 2019,
  url =		 {https://www.youtube.com/watch?v=nfZxu1aQzp8},
  urldate =	 {31-VIII-2024},
}



@online{ RichaadEB-Dead-or-Alive-You-Spin-Me-Round-ETC-Ver-2019,
  author =	 {RichaadEB},
  title =	 {Dead or Alive "You Spin Me Round"; Metal Covery
                  by~RichaadEB \&~Caleb Hyles},
  year =	 2019,
  url =		 {https://www.youtube.com/watch?v=4iXUQ_RCVMQ},
  urldate =	 {29-VIII-2024},
}



@online{ Serrahima-Creeping-Death-Metallica-ETC-Ver-2021,
  author =	 {Miquel Serrahima},
  title =	 {"Creeping Death" Metallica (Violin \&~Cello Cover)},
  year =	 2021,
  url =		 {https://www.youtube.com/watch?v=0cNR_Ers6KU},
  urldate =	 {30-VIII-2024},
}



@online{ Serrahima-Eagle-Fly-Free-Helloween-ETC-Ver-2023,
  author =	 {Miquel Serrahima},
  title =	 {"Eagle Fly Free" Helloween (Violin)},
  year =	 2023,
  url =		 {https://www.youtube.com/watch?v=vu2M_jZBqAI},
  urldate =	 {30-VIII-2024},
}



@online{ Serrahima-Fast-as-a-Shark-Accept-ETC-Ver-2020,
  author =	 {Miquel Serrahima},
  title =	 {"Fast as a~Shark" Accept (Violin cover)},
  year =	 2020,
  url =		 {https://www.youtube.com/watch?v=YMhnn9KmiEg},
  urldate =	 {30-VIII-2024},
}



@online{ Serrahima-Kill-The-King-Rainbow-Violin-cover-Ver-2021,
  author =	 {Miquel Serrahima},
  title =	 {"Kill The~King" Rainbow (Violin cover)},
  year =	 2021,
  url =		 {https://www.youtube.com/watch?v=4gGR3Iwg5RQ},
  urldate =	 {15-IX-2024},
}



@online{ Serrahima-Princess-of-the-Night-Saxon-ETC-Ver-2022,
  author =	 {Miquel Serrahima},
  title =	 {"Princess~of the Night" Saxon (Violin cover)},
  year =	 2022,
  url =		 {https://www.youtube.com/watch?v=wrzv4PA1SHU},
  urldate =	 {27-VIII-2024},
}



@online{ Serrahima-Ride-the-Sky-Helloween-ETC-Ver-2020,
  author =	 {Miquel Serrahima},
  title =	 {"Ride the Sky" Helloween (Violin cover)},
  year =	 2020,
  url =		 {https://www.youtube.com/watch?v=1foJHVtjF8Y},
  urldate =	 {08-IX-2024},
}



@online{ Serrahima-The-Last-in-Line-Dio-ETC-Ver-2022,
  author =	 {Miquel Serrahima},
  title =	 {"The Last in Line" Dio (Violin cover)},
  year =	 2021,
  url =		 {https://www.youtube.com/watch?v=c3FIuY9DGlM},
  urldate =	 {07-IX-2024},
}



@online{ YaboiMatoi-Badd-Apple-ETC-Ver-2023,
  author =	 {YaboiMatoi},
  title =	 {"BAD APPLE"!!~-- FULL COVER by YaboiMatoi (ft.
                  RichaadEB \&~MTB)},
  year =	 2023,
  url =		 {https://www.youtube.com/watch?v=8aDeVm4VIUU},
  urldate =	 {01-IX-2024},
}










@Comment #########################################
@Comment Kingdom of Netherlands metal
@Comment #########################################


@online{ Within-Temptation-Paradise-What-About-Us-ft-Tarja--Ver-2023,
  author =	 {Within Temptation},
  title =	 {"Paradise (What About Us?)" ft.~Tarja)},
  year =	 2013,
  url =		 {https://www.youtube.com/watch?v=Dy6MpsDPKts},
  urldate =	 {14-IX-2024},
}










@Comment #########################################
@Comment Progresive metal
@Comment #########################################


@online{ Ayreon-Merlins-Will-ETC-2021,
  author =	 {Ayreon},
  title =	 {Meriln's Will (The Final Experiment) 1995},
  year =	 2017,
  url =		 {https://www.youtube.com/watch?v=eM57ZhjBz14},
  urldate =	 {23-VIII-2024},
  note =	 {Arjen Anthony Lucassen},
}










@Comment #########################################
@Comment Swedish metal
@Comment #########################################


@online{ Blazon-Stone-Raiders-Of-Jolly-Roger-Ver-2021,
  author =	 {Blazon Stone},
  title =	 {Raiders~Of Jolly Roger},
  year =	 2021,
  url =		 {https://www.youtube.com/watch?v=g3yjnpQhf4M},
  urldate =	 {18-VIII-2024},
  note =	 {Cederick / Blazon Stone},
}



@online{ Blazon-Stone-Stand-Your-Line-ETC-Ver-2021,
  author =	 {Blazon Stone},
  title =	 {Stand Your Line (feat. Erik Nordkvist)},
  year =	 2020,
  url =		 {https://www.youtube.com/watch?v=wWZZ-lcAdag},
  urldate =	 {21-VIII-2024},
  note =	 {Cederick / Blazon Stone},
}



@online{ Crazy-Lixx-Lock-Up-Your-Daughter-ETC-Ver-2021,
  author =	 {Crazy Lixx},
  title =	 {Lock Up Your Daughter [UST] ("Highlander" 1986)},
  year =	 2023,
  url =		 {https://www.youtube.com/watch?v=wWZZ-lcAdag},
  urldate =	 {25-VIII-2024},
}



@online{ Thundermother-Driving-in-Style-ETC-Ver-2020,
  author =	 {Thundermother},
  title =	 {Driving In~Style (2020); Official Music Video},
  year =	 2020,
  url =		 {https://www.youtube.com/watch?v=gyL8pHR2UPk},
  urldate =	 {06-IX-2024},
  note =	 {AFM Records},
}










































@Comment ###############################
@Comment United Kingdom heavy metal
@Comment ###############################























@Comment #########################################
@Comment United States of America heavy metal
@Comment #########################################


@online{ Cinderella-Nobodys-Fool-Ver-2009,
  author =	 {Cinderella},
  title =	 {Nobody's Fool},
  year =	 2009,
  url =		 {https://www.youtube.com/watch?v=MCOrtJMQmVs},
  urldate =	 {24-VIII-2024},
}



@online{ Dio-Holy-Diver-Official-ETC-2019,
  author =	 {Dio},
  title =	 {Holy Diver (Official Music Video) [HD]},
  year =	 2010,
  url =		 {https://www.youtube.com/watch?v=2lvs2FzF64o},
  urldate =	 {24-VIII-2024},
  note =	 {RHINO},
}



@online{ Dio-Rainbow-In-The-Dark-Official-ETC-2019,
  author =	 {Dio},
  title =	 {Rainbow In~The~Dark (Official Music Video) [HD]},
  year =	 2019,
  url =		 {https://www.youtube.com/watch?v=PrBUjXaRSUQ},
  urldate =	 {24-VIII-2024},
  note =	 {RHINO},
}



@online{ Sanctuary-Future-Tense-Ver-2009,
  author =	 {Sanctuary},
  title =	 {Future Tense},
  year =	 2009,
  url =		 {https://www.youtube.com/watch?v=v5NCBaPE3k0},
  urldate =	 {22-VIII-2024},
  note =	 {SanctuaryVEVO},
}



@online{ Skid-Row-18-And-Life-Official-Music-Video-Ver-2019,
  author =	 {Skid Row},
  title =	 {18~And Life (Official Music Video)},
  year =	 2019,
  url =		 {https://www.youtube.com/watch?v=Ghd2bkIadG4},
  urldate =	 {24-VIII-2024},
  note =	 {RHINO},
}



@online{ Twisted-Sister-Burn-in-Hell-Ver-2015,
  author =	 {Twisted Sister},
  title =	 {Burn in~Hell},
  year =	 2015,
  url =		 {https://www.youtube.com/watch?v=0HWxFeqUxms},
  urldate =	 {21-VIII-2024},
}



@online{ Twisted-Sister-The-Price-Official-Music-Video-Ver-2010,
  author =	 {Twisted Sister},
  title =	 {The Price (Official Music Video)},
  year =	 2010,
  url =		 {https://www.youtube.com/watch?v=UpfZcEjopYE},
  urldate =	 {21-VIII-2024},
}
