@Comment #############################################################
@Comment #############################################################
@Comment Music, online resources
@Comment #############################################################
@Comment #############################################################



@online{ X-Ambassadors-Renegades-Lyric-Video-Ver-2015,
  author =	 {X~Ambassadors},
  title =	 {Renegades (Lyric Video)},
  year =	 2015,
  url =		 {https://www.youtube.com/watch?v=8j741TUIET0},
  urldate =	 {27-VIII-2024},
}










@Comment #############################################################
@Comment Canadian music
@Comment #############################################################


@online{ Leonard-Cohen-You-Want-It-Darker-Ver-2017,
  author =	 {Leonard Cohen},
  title =	 {You Want It Darker},
  year =	 2017,
  url =		 {https://www.youtube.com/watch?v=f7j4s2FURH8},
  urldate =	 {29-VIII-2024},
}










@Comment #########################################
@Comment Nickelback
@Comment #########################################


@online{ Nickelback-When-We-Stand-Together-Ver-2011,
  author =	 {Nickelback},
  title =	 {When We Stand Together},
  year =	 2017,
  url =		 {https://www.youtube.com/watch?v=f7j4s2FURH8},
  urldate =	 {29-VIII-2024},
  note =	 {Roadrunner Records UK},
}










@Comment #########################################
@Comment Rush
@Comment #########################################


@online{ Rush-2112-The-Temples-Of-Syrinx-Lyric-Video-Ver-2016,
  author =	 {Rush},
  title =	 {2112: The~Temples~Of Syrinx (Lyric Video)},
  year =	 2016,
  url =		 {https://www.youtube.com/watch?v=m_6dkzL4VS4},
  urldate =	 {12-VIII-2024},
}










@Comment #############################################################
@Comment Covers
@Comment #############################################################


@online{ Atheist-et-el-Judas-Priest-Ram-It-Down-Ver-2021,
  author =	 {Atheist and Cattle Decapitation and Trillionaire and
                  Toxik},
  title =	 {Judas Priest "Ram It Down"},
  year =	 2021,
  url =		 {https://www.youtube.com/watch?v=4rsWgCAek_E},
  urldate =	 {13-VIII-2024},
  note =	 {Metal Injection},
}










@Comment #########################################
@Comment Filip Łobodziński
@Comment #########################################


@online{ -Ver-2021,
  author =	 {Atheist and Cattle Decapitation and Trillionaire and
                  Toxik},
  title =	 {Judas Priest "Ram It Down"},
  year =	 2021,
  url =		 {https://www.youtube.com/watch?v=4rsWgCAek_E},
  urldate =	 {13-VIII-2024},
  note =	 {Metal Injection},
}










@Comment #########################################
@Comment Denis Pauna
@Comment #########################################


@online{ Pauna-If-Type-O-Negative-wrote-Another-Day-ETC-Ver-2024,
  author =	 {Denis Pauna},
  title =	 {If Type O Negative wrote "Another Day In Paradise"
                  (by Phil Collins)},
  year =	 2024,
  url =		 {https://www.youtube.com/watch?v=Cbos2x6IpeA},
  urldate =	 {02-IX-2024},
}



@online{ Pauna-If-Type-O-Negative-wrote-Never-Gonna-Give-ETC-Ver-2024,
  author =	 {Denis Pauna},
  title =	 {If Type O Negative wrote "Never Gonna Give You Up"},
  year =	 2024,
  url =		 {https://www.youtube.com/watch?v=louPjGrAZSU},
  urldate =	 {04-IX-2024},
}










@Comment #########################################
@Comment dylan.pl
@Comment #########################################


@online{ dylan-pl-Malpi-krol-i-pikus-ETC-Ver-2019,
  author =	 {dylan.pl},
  title =	 {Małpi Król i~Pikuś (Tweeter and the Monkey Man)},
  year =	 2019,
  url =		 {https://www.youtube.com/watch?v=5bQumAHOSBM},
  urldate =	 {25-VIII-2024},
}










@Comment ###############################
@Comment maromaro1337
@Comment ###############################


@online{ maromaro1337-Blue-Da-Ba-Dee-Retro-Poland-Cover-Ver-2024,
  author =	 {maromaro1337},
  title =	 {Blue (Da Ba Dee). Retro Poland Cover},
  year =	 2024,
  url =		 {https://www.youtube.com/watch?v=chh0H1BZeOA},
  urldate =	 {23-VIII-2024},
}



@online{ maromaro1337-Californication-Retro-Poland-Cover-Ver-2024,
  author =	 {maromaro1337},
  title =	 {Californication. Retro Poland Cover},
  year =	 2024,
  url =		 {https://www.youtube.com/watch?v=2zTEAvP2fcU},
  urldate =	 {14-VIII-2024},
}



@online{ maromaro1337-Enter-Sandman-Retro-Poland-Cover-Ver-2024,
  author =	 {maromaro1337},
  title =	 {Enter Sandman. Retro Poland Cover},
  year =	 2024,
  url =		 {https://www.youtube.com/watch?v=l87AWBeKnNQ},
  urldate =	 {21-VIII-2024},
}



@online{ maromaro1337-Feel-Good-Inc-Retro-Poland-Cover-Ver-2024,
  author =	 {maromaro1337},
  title =	 {Feel Good Inc. Retro Poland Cover},
  year =	 2024,
  url =		 {https://www.youtube.com/watch?v=5e3DUPh3vkg},
  urldate =	 {15-VIII-2024},
}



@online{ maromaro1337-Iron-Man-Retro-Poland-Cover-Ver-2024,
  author =	 {maromaro1337},
  title =	 {Iron Man. Retro Poland Cover},
  year =	 2024,
  url =		 {https://www.youtube.com/watch?v=9tZIRsRVru0},
  urldate =	 {15-VIII-2024},
}



@online{ maromaro1337-Iron-Man-Retro-Poland-Cover-Ver-2024,
  author =	 {maromaro1337},
  title =	 {Iron Man. Retro Poland Cover},
  year =	 2024,
  url =		 {https://www.youtube.com/watch?v=9tZIRsRVru0},
  urldate =	 {15-VIII-2024},
}



@online{ maromaro1337-Numb-Retro-Poland-Cover-Ver-2024,
  author =	 {maromaro1337},
  title =	 {Numb. Retro Poland Cover},
  year =	 2024,
  url =		 {https://www.youtube.com/watch?v=n9-vlnZcFDg},
  urldate =	 {21-VIII-2024},
}



@online{ maromaro1337-Layla-Retro-Poland-Cover-Ver-2024,
  author =	 {maromaro1337},
  title =	 {Layla. Retro Poland Cover},
  year =	 2024,
  url =		 {https://www.youtube.com/watch?v=u7jV7IkHdqk},
  urldate =	 {11-VIII-2024},
}










@Comment #########################################
@Comment Melodicka Bros
@Comment #########################################


@online{ Melodicka-Bros-Lady-Gaga-Shallow-ETC-Ver-2019,
  author =	 {Melodicka Bros},
  title =	 {Lady Gaga~-- Shalow (power metal cover ft. Rob Lundgren)},
  year =	 2019,
  url =		 {https://www.youtube.com/watch?v=lAzltTuwdbY},
  urldate =	 {31-VIII-2024},
}



@online{ Melodicka-Bros-Iron-Maiden-Fear-of-the-Dark-ETC-Ver-2019,
  author =	 {Melodicka Bros},
  title =	 {Iron Maiden~-- Fear~of the~Dark (way too bright
                  acoustic cover)},
  year =	 2019,
  url =		 {https://www.youtube.com/watch?v=1CksAtD83yk},
  urldate =	 {31-VIII-2024},
}



@online{ Melodicka-Bros-Metallica-Enter-Sandman-ETC-Ver-2019,
  author =	 {Melodicka Bros},
  title =	 {Metallica~-- Enter Sandman (way too sleeepy acoustic
                  cover)},
  year =	 2019,
  url =		 {https://www.youtube.com/watch?v=W-nFl24DtpE},
  urldate =	 {31-VIII-2024},
}



@online{ Melodicka-Bros-Ratm-Killing-in-the-name-ETC-Ver-2019,
  author =	 {Melodicka Bros},
  title =	 {Ratm~-- Killing in the~name (way too polite jazzy cover)},
  year =	 2019,
  url =		 {https://www.youtube.com/watch?v=uTnZIRnNlRI},
  urldate =	 {31-VIII-2024},
}



@online{ Melodicka-Bros-Uptown-Funk-ETC-Ver-2019,
  author =	 {Melodicka Bros},
  title =	 {Uptown Funk (way too sad cover)},
  year =	 2019,
  url =		 {https://www.youtube.com/watch?v=04X7j7as5Ys},
  urldate =	 {15-VIII-2024},
}


















































@Comment #############################################################
@Comment Bob Dylan
@Comment #############################################################


@online{ Dylan-Quinn-the-Eskimo-ETC-Ver-2021,
  author =	 {Bob Dylan},
  title =	 {Quinn the~Eskimo (The~Mighty Quinn); Studio Outtake,
                  1967; Official Audio},
  year =	 2019,
  url =		 {https://www.youtube.com/watch?v=-UwMvE-rdZw},
  urldate =	 {29-VIII-2024},
}










@Comment #########################################
@Comment Another Side of Bob Dylan
@Comment #########################################


@online{ Dylan-My-Back-Pages-Official-Audio-Ver-2019,
  author =	 {Bob Dylan},
  title =	 {My Back Pages (Official Audio)},
  year =	 2019,
  url =		 {https://www.youtube.com/watch?v=92cF_KCH7TU},
  urldate =	 {02-IX-2024},
  note =	 {Another Side~of Bob Dylan},
}










@Comment #############################################################
@Comment Irish music
@Comment #############################################################


@online{ De-Burgh-High-On-Emotion-Ver-2017,
  author =	 {Chris De~Burght},
  title =	 {High On Emotion},
  year =	 2017,
  url =		 {https://www.youtube.com/watch?v=oKgHHPlKTdk},
  urldate =	 {07-IX-2024},
}










@Comment #############################################################
@Comment Marcin „Baltazar” Gąbka
@Comment #############################################################


@online{ Marcin-Baltazar-Gabka-Lady-Winterfell-ETC-Ver-2019,
  author =	 {Marcin „Baltazar” Gąbka},
  title =	 {„Lady Winterfell”; Tekst: Marek Kaczkowski, muzyka
                  Marcin „Baltazar” Gąbka},
  year =	 2019,
  url =		 {https://www.youtube.com/watch?v=B-Va_Boue9c},
  urldate =	 {06-IX-2024},
}



@online{ Marcin-Baltazar-Gabka-Mur-ETC-Ver-2022,
  author =	 {Marcin „Baltazar” Gąbka},
  title =	 {"Mur" (inspiracje: "Gra o~Tron"; z~cyklu "Wiersze
                  Lodu i~Ognia")},
  year =	 2022,
  url =		 {https://www.youtube.com/watch?v=FWrsViQQDuA},
  urldate =	 {05-IX-2024},
}



@online{ Marcin-Baltazar-Gabka-Na-morza-skraj-ETC-Ver-2018,
  author =	 {Marcin „Baltazar” Gąbka},
  title =	 {„Na morza skraj”; Stary Port w~Międzychodzie 2018},
  year =	 2018,
  url =		 {https://www.youtube.com/watch?v=HJ1G9BgKzwU},
  urldate =	 {06-IX-2024},
}










@Comment #############################################################
@Comment Marcin „Baltazar” Gąbka i przyjaciele
@Comment #############################################################


@Comment #########################################
@Comment Gąbstok 2023
@Comment #########################################


@online{ Grupa-SPECJALna-ETC-Arka-Noego-Jacek-Kaczmarski-Ver-2024,
  author =	 {Grupa SPECJALna~--Legendy Północy},
  title =	 {„Arka Noego” (Jacek Kaczmarski); Gąbstoka 2023},
  year =	 2024,
  url =		 {https://www.youtube.com/watch?v=QW7DHgfZafo},
  urldate =	 {08-IX-2024},
}



@online{ Grupa-SPECJALna-ETC-Powrot-z-Syberii-ETC-Ver-2024,
  author =	 {Grupa SPECJALna~--Legendy Północy},
  title =	 {„Kantyczka” (P.~Gintrowski, K.M. Sieniawski);
                  Gąbstoka 2023},
  year =	 2024,
  url =		 {https://www.youtube.com/watch?v=HzLxzInlD7k},
  urldate =	 {08-IX-2024},
}



@online{ Grupa-SPECJALna-ETC-Powrot-z-Syberii-ETC-Ver-2024,
  author =	 {Grupa SPECJALna~--Legendy Północy},
  title =	 {„Powrót z~Syberii” (J.~Kaczmarski, Z.~Łapiński);
                  Gąbstoka 2023},
  year =	 2024,
  url =		 {https://www.youtube.com/watch?v=Mr3tXBTmcRg},
  urldate =	 {08-IX-2024},
}



@online{ Janas-and-Gabor-Guaranteed-Eddie-Vadder-Ver-2024,
  author =	 {Janas \& Gabor},
  title =	 {„Guaranteed” (Eddie Vedder); Gąbstok 2023},
  year =	 2024,
  url =		 {https://www.youtube.com/watch?v=2aV92rfd0V0},
  urldate =	 {08-IX-2024},
}



@online{ Janas-and-Gabor-and-Gabka-Paint-it-black-ETC-Ver-2024,
  author =	 {Janas \& Gabor (\& Gąbka)},
  title =	 {„Paint it black” (The~Rolling Stones); Gąbstok 2023},
  year =	 2024,
  url =		 {https://www.youtube.com/watch?v=gdWAwF-y1Nc\},
  urldate =	 {08-IX-2024},
}



@online{ Janas-and-Gabor-and-Gabka-Dust-in-the-wind-ETC-Ver-2024,
  author =	 {Janas \& Gabor (\& Gąbka)},
  title =	 {„Dust in the wind” (Kansas); Gąbstok 2023},
  year =	 2024,
  url =		 {https://www.youtube.com/watch?v=IEXTRm4znPo},
  urldate =	 {08-IX-2024},
}



@online{ Janas-and-Gabor-and-Gabka-Piosenka-bieszczadzka-Aldaron-Ver-2024,
  author =	 {Janas \& Gabor (\& Gąbka)},
  title =	 {„Piosenka Bieszczadzka” (Aldaron); Gąbstok 2023},
  year =	 2024,
  url =		 {https://www.youtube.com/watch?v=rFsVtw727WU},
  urldate =	 {08-IX-2024},
}



@online{ Janas-and-Gabor-and-Gabka-Piosenka-bieszczadzka-Aldaron-Ver-2024,
  author =	 {Janas \& Gabor (\& Gąbka)},
  title =	 {„Piosenka Bieszczadzka” (Aldaron); Gąbstok 2023},
  year =	 2024,
  url =		 {https://www.youtube.com/watch?v=rFsVtw727WU},
  urldate =	 {08-IX-2024},
}



@online{ Janas-and-Gabor-and-Gabka-Sara-Bob-Dylan-Ver-2024,
  author =	 {Janas \& Gabor (\& Gąbka)},
  title =	 {„Sara” (Bob Dylan); Gąbstok 2023},
  year =	 2024,
  url =		 {https://www.youtube.com/watch?v=GTJDVz1T92g},
  urldate =	 {08-IX-2024},
}



@online{ Janas-and-Gabor-and-Gabka-The-house-of-the-Rising-ETC-Ver-2024,
  author =	 {Janas \& Gabor (\& Gąbka)},
  title =	 {„The house~of the~Rising sun” (The Animals); Gąbstok
                  2023},
  year =	 2024,
  url =		 {https://www.youtube.com/watch?v=Yv5Q3ydkksA},
  urldate =	 {08-IX-2024},
}



@online{ Pomiędzy-Swiatami-Poezja-Ver-2024,
  author =	 {Pomiędzy Światami},
  title =	 {„Poezja”; Gąbstok 2023},
  year =	 2024,
  url =		 {https://www.youtube.com/watch?v=QFxfvrlWw5Y},
  urldate =	 {08-IX-2024},
}



@online{ Pomiędzy-Swiatami-Smutek-Ver-2024,
  author =	 {Pomiędzy Światami},
  title =	 {„Smutek”; Gąbstok 2023},
  year =	 2024,
  url =		 {https://www.youtube.com/watch?v=ogaHQyLqnm8},
  urldate =	 {08-IX-2024},
}



@online{ Pomiędzy-Swiatami-Wejdz-bez-pukania-Ver-2024,
  author =	 {Pomiędzy Światami},
  title =	 {„Wejdź bez pukania”; Gąbstok 2023},
  year =	 2024,
  url =		 {https://www.youtube.com/watch?v=Z1kIjFWw7Qw},
  urldate =	 {08-IX-2024},
}










@Comment #############################################################
@Comment Heavy metal
@Comment #############################################################p


@online{ Caouldron-Nitebreaker-Ver-2011,
  author =	 {Cauldron},
  title =	 {Nitebreaker},
  year =	 2012,
  url =		 {https://www.youtube.com/watch?v=_ZYrPR5cr5o},
  urldate =	 {21-VIII-2024},
  note =	 {CauldrongVEVO},
}



@online{ Killswitch-Engage-Holy-Diver-Official-video-Ver-2009,
  author =	 {Killswitch Engage},
  title =	 {Holy Diver (Official video)},
  year =	 2009,
  url =		 {https://www.youtube.com/watch?v=NR7dG_m3MsI},
  urldate =	 {21-VIII-2024},
  note =	 {Roadrunner Records},
}



@online{ Michael-Schanker-Fest-Take-Me-To-The-Church-ETC-Ver-2018,
  author =	 {Michale Schanker Fest},
  title =	 {Take Me To The Church (Official Music Video)},
  year =	 2018,
  url =		 {https://www.youtube.com/watch?v=9o34ooePv-E},
  urldate =	 {15-VIII-2024},
  note =	 {Reigning Phoenix Music},
}



@online{ Michael-Schanker-Fest-Take-Me-To-The-Church-ETC-Ver-2018,
  author =	 {Michale Schanker Fest},
  title =	 {Take Me To The Church (Official Music Video)},
  year =	 2018,
  url =		 {https://www.youtube.com/watch?v=9o34ooePv-E},
  urldate =	 {15-VIII-2024},
  note =	 {Reigning Phoenix Music},
}



@online{ Orions-Reign-and-Minniva-Nostos-Official-Video-Ver-2018,
  author =	 {Orion's Reign and Minniva},
  title =	 {Take Me To The Church (Official Music Video)},
  year =	 2018,
  url =		 {https://www.youtube.com/watch?v=9o34ooePv-E},
  urldate =	 {15-VIII-2024},
  note =	 {Orion's Reign},
}



@online{ MSG-Sail-The-Darkness-ETC-Ver-2018,
  author =	 {MSG},
  title =	 {Sail The Darkness (Official Lyric Video)},
  year =	 2021,
  url =		 {https://www.youtube.com/watch?v=8lss0xI2HaA},
  urldate =	 {21-VIII-2024},
  note =	 {Reigning Phoenix Music},
}










@Comment #########################################
@Comment Beast in Black
@Comment #########################################


@online{ Beast-in-Black-Born-Again-Official-lyric-video-Ver-2017,
  author =	 {Beast in Black},
  title =	 {Born Again (Official lyric video)},
  year =	 2017,
  url =		 {https://www.youtube.com/watch?v=TZcWVsDSqpE},
  urldate =	 {28-VIII-2024},
  note =	 {Nuclear Blast Records},
}



@online{ Beast-in-Black-Broken-Survivors-ETC-Ver-2022,
  author =	 {Beast in Black},
  title =	 {Broken Survivors (Official lyric video)},
  year =	 2022,
  url =		 {https://www.youtube.com/watch?v=Hm1eWYDNSNk},
  urldate =	 {21-VIII-2024},
  note =	 {Nuclear Blast Records},
}



@online{ Beast-in-Black-Power-Of-The-Beast-ETC-Ver-2024,
  author =	 {Beast in Black},
  title =	 {Power~Of The~Beast (Official Music Video)},
  year =	 2024,
  url =		 {https://www.youtube.com/watch?v=Ui_eoW3BXGI},
  urldate =	 {16-VIII-2024},
  note =	 {Nuclear Blast Records},
}










@Comment #########################################
@Comment Nightwish
@Comment #########################################



@Comment ###############################
@Comment Angels Fall First
@Comment ###############################


@online{ Nightwish-Elvenpath-ETC-Ver-2023,
  author =	 {Nightwish},
  title =	 {Elvenpath (Remastered)},
  year =	 2023,
  url =		 {https://www.youtube.com/watch?v=GwKDj2YALVQ},
  urldate =	 {02-IX-2024},
  note =	 {Angels Fall First},
}










@Comment #########################################
@Comment German heavy metal
@Comment #########################################



@Comment ###############################
@Comment Iron Savior
@Comment ###############################


@online{ Iron-Savior-Stand-Up-And-Fight-Official-Music-Video-Ver-2019,
  author =	 {Iron Savior},
  title =	 {Stand Up And Fight (2019); Official Music Video},
  year =	 2019,
  url =		 {https://www.youtube.com/watch?v=ttNLD8QemGA},
  urldate =	 {14-VIII-2024},
  note =	 {AFM Records},
}


















@Comment #########################################
@Comment Japanese metal
@Comment #########################################



@Comment ###############################
@Comment Lovebites
@Comment ###############################


@online{ Lovebites-Unchained-ETC-Ver-2021,
  author =	 {Lovebites},
  title =	 {Unchained (Official music video)},
  year =	 2024,
  url =		 {https://www.youtube.com/watch?v=vbbMpq2zghQ},
  urldate =	 {06-IX-2024},
}










@Comment #########################################
@Comment Metal covers
@Comment #########################################


@online{ Cederick-Blazon-Stone-Over-the-Hills-Gary-Moore-cover-ETC-Ver-2021,
  author =	 {Cederick / Blazon Stone},
  title =	 {Over the Hills (Gary Moore cover) feat. Vladimir
                  (Claymorean) and Johannes (Palantir)},
  year =	 2021,
  url =		 {https://www.youtube.com/watch?v=HfRe7EZu9Ns},
  urldate =	 {28-VIII-2024},
}



@online{ Johansson-82nd-all-the-way-Disney-version-Ver-2022,
  author =	 {Tommy Johansson},
  title =	 {82nd all the way (Disney version)},
  year =	 2022,
  url =		 {https://www.youtube.com/watch?v=G8B_Gn4z0WM},
  urldate =	 {15-VIII-2024},
}



@online{ Johansson-Blinding-Lights-The-Weeknd-Metal-Version-Ver-2022,
  author =	 {Tommy Johansson},
  title =	 {Blinding Light (The Weeknd~--Metal Version)},
  year =	 2022,
  url =		 {https://www.youtube.com/watch?v=8IawVGRlLm0},
  urldate =	 {15-VIII-2024},
}



@online{ Johansson-Call-me-Blondie-ETC-Ver-2022,
  author =	 {Tommy Johansson},
  title =	 {Call me~--Blondie (Epic Power Metal)},
  year =	 2022,
  url =		 {https://www.youtube.com/watch?v=a9bXG8inRAA},
  urldate =	 {18-VIII-2024},
}



@online{ Johansson-Cannelloni-macaroni-Metal-Cover-Ver-2023,
  author =	 {Tommy Johansson},
  title =	 {Cannelloni macaroni (Metal Cover)},
  year =	 2023,
  url =		 {https://www.youtube.com/watch?v=gjpcJwCWjAo},
  urldate =	 {16-VIII-2024},
}



@online{ Johansson-Over-the-hills-and-far-away-ETC-Ver-2022,
  author =	 {Tommy Johansson},
  title =	 {Over the hills and far away (Gary Moore Cover)},
  year =	 2022,
  url =		 {https://www.youtube.com/watch?v=DBk7eCCiAcw},
  urldate =	 {16-VIII-2024},
}



@online{ Johansson-Pirates-of-the-Caribbean-ETC-Ver-2022,
  author =	 {Tommy Johansson},
  title =	 {Tommy ReinXeed~-- Pirates~of the~Caribbean, LotR,
                  Benny Hill (Live Kalmar Teater)},
  year =	 2016,
  url =		 {https://www.youtube.com/watch?v=UyYz6PqlJX0},
  urldate =	 {30-VIII-2024},
}



@online{ Johansson-Thunder-Rising-Gary-Moore-Cover-Ver-2022,
  author =	 {Tommy Johansson},
  title =	 {Thunder Rising (Gary Moore); Cover~by~-- Tommy Johansson},
  year =	 2022,
  url =		 {https://www.youtube.com/watch?v=FwawbDx4_qw},
  urldate =	 {23-VIII-2024},
}



@online{ Johansson-Twisted-Sister-The-Price-ETC-Ver-2022,
  author =	 {Tommy Johansson},
  title =	 {Twisted Sister~-- The~Price (Cover by~Tommy Johansson)},
  year =	 2022,
  url =		 {https://www.youtube.com/watch?v=OpPlueHFNb4},
  urldate =	 {18-VIII-2024},
}



@online{ Antunes-Legendary-Pakistani-Singer-goes-Metal-ETC-Ver-2022,
  author =	 {Andre Antunes},
  title =	 {Legendary Pakistani Singer goes Metal [Sanson Ki
                  Male Pe]},
  year =	 2022,
  url =		 {https://www.youtube.com/watch?v=bp9YVQcOjgo},
  urldate =	 {02-IX-2024},
}



@online{ Antunes-Pakistan-goes-METAL-Mustt-Mustt-ETC-Ver-2023,
  author =	 {Andre Antunes},
  title =	 {Pakistan goes METAL~-- "Mustt Mustt"~-- Nusrat Fateh
                  Ali Khan},
  year =	 2023,
  url =		 {https://www.youtube.com/watch?v=aZYG-9usGPI},
  urldate =	 {02-IX-2024},
}



@online{ Papadopoulos-Nightwish-Ghost-Love-Score-ETC-Ver-2019,
  author =	 {Yannis Papadopoulos},
  title =	 {Nightwish "Ghost Love Score" (Vocal Cover)},
  year =	 2019,
  url =		 {https://www.youtube.com/watch?v=nfZxu1aQzp8},
  urldate =	 {31-VIII-2024},
}



@online{ RichaadEB-Dead-or-Alive-You-Spin-Me-Round-ETC-Ver-2019,
  author =	 {RichaadEB},
  title =	 {Dead or Alive "You Spin Me Round"; Metal Covery
                  by~RichaadEB \&~Caleb Hyles},
  year =	 2019,
  url =		 {https://www.youtube.com/watch?v=4iXUQ_RCVMQ},
  urldate =	 {29-VIII-2024},
}



@online{ Serrahima-Creeping-Death-Metallica-ETC-Ver-2021,
  author =	 {Miquel Serrahima},
  title =	 {"Creeping Death" Metallica (Violin \&~Cello Cover)},
  year =	 2021,
  url =		 {https://www.youtube.com/watch?v=0cNR_Ers6KU},
  urldate =	 {30-VIII-2024},
}



@online{ Serrahima-Eagle-Fly-Free-Helloween-ETC-Ver-2023,
  author =	 {Miquel Serrahima},
  title =	 {"Eagle Fly Free" Helloween (Violin)},
  year =	 2023,
  url =		 {https://www.youtube.com/watch?v=vu2M_jZBqAI},
  urldate =	 {30-VIII-2024},
}



@online{ Serrahima-Fast-as-a-Shark-Accept-ETC-Ver-2020,
  author =	 {Miquel Serrahima},
  title =	 {"Fast as a~Shark" Accept (Violin cover)},
  year =	 2020,
  url =		 {https://www.youtube.com/watch?v=YMhnn9KmiEg},
  urldate =	 {30-VIII-2024},
}



@online{ Serrahima-Princess-of-the-Night-Saxon-Ver-2022,
  author =	 {Miquel Serrahima},
  title =	 {"Princess~of the Night" Saxon (Violin cover)},
  year =	 2022,
  url =		 {https://www.youtube.com/watch?v=wrzv4PA1SHU},
  urldate =	 {27-VIII-2024},
}



@online{ Serrahima-Ride-the-Sky-Helloween-Ver-2020,
  author =	 {Miquel Serrahima},
  title =	 {"Ride the Sky" Helloween (Violin cover)},
  year =	 2020,
  url =		 {https://www.youtube.com/watch?v=1foJHVtjF8Y},
  urldate =	 {08-IX-2024},
}



@online{ Serrahima-The-Last-in-Line-Dio-Ver-2022,
  author =	 {Miquel Serrahima},
  title =	 {"The Last in Line" Dio (Violin cover)},
  year =	 2021,
  url =		 {https://www.youtube.com/watch?v=c3FIuY9DGlM},
  urldate =	 {07-IX-2024},
}



@online{ YaboiMatoi-Badd-Apple-ETC-Ver-2023,
  author =	 {YaboiMatoi},
  title =	 {"BAD APPLE"!!~-- FULL COVER by YaboiMatoi (ft.
                  RichaadEB \&~MTB)},
  year =	 2023,
  url =		 {https://www.youtube.com/watch?v=8aDeVm4VIUU},
  urldate =	 {01-IX-2024},
}














@Comment #########################################
@Comment Progresive metal
@Comment #########################################


@online{ Ayreon-Merlins-Will-ETC-2021,
  author =	 {Ayreon},
  title =	 {Meriln's Will (The Final Experiment) 1995},
  year =	 2017,
  url =		 {https://www.youtube.com/watch?v=eM57ZhjBz14},
  urldate =	 {23-VIII-2024},
  note =	 {Arjen Anthony Lucassen},
}










@Comment #########################################
@Comment Swedish metal
@Comment #########################################


@online{ Blazon-Stone-Raiders-Of-Jolly-Roger-Ver-2021,
  author =	 {Blazon Stone},
  title =	 {Raiders~Of Jolly Roger},
  year =	 2021,
  url =		 {https://www.youtube.com/watch?v=g3yjnpQhf4M},
  urldate =	 {18-VIII-2024},
  note =	 {Cederick / Blazon Stone},
}



@online{ Blazon-Stone-Stand-Your-Line-ETC-Ver-2021,
  author =	 {Blazon Stone},
  title =	 {Stand Your Line (feat. Erik Nordkvist)},
  year =	 2020,
  url =		 {https://www.youtube.com/watch?v=wWZZ-lcAdag},
  urldate =	 {21-VIII-2024},
  note =	 {Cederick / Blazon Stone},
}



@online{ Crazy-Lixx-Lock-Up-Your-Daughter-ETC-Ver-2021,
  author =	 {Crazy Lixx},
  title =	 {Lock Up Your Daughter [UST] ("Highlander" 1986)},
  year =	 2023,
  url =		 {https://www.youtube.com/watch?v=wWZZ-lcAdag},
  urldate =	 {25-VIII-2024},
}



@online{ Thundermother-Driving-in-Style-ETC-Ver-2020,
  author =	 {Thundermother},
  title =	 {Driving In~Style (2020); Official Music Video},
  year =	 2020,
  url =		 {https://www.youtube.com/watch?v=gyL8pHR2UPk},
  urldate =	 {06-IX-2024},
  note =	 {AFM Records},
}










































@Comment ###############################
@Comment United Kingdom heavy metal
@Comment ###############################


@Comment #####################
@Comment DragonForce
@Comment #####################


@online{ DragonForce-Strangers-Official-Video-ETC-Ver-2021,
  author =	 {DragonForce},
  title =	 {Strangers (Official Video~-- Extreme Power Metal)},
  year =	 2021,
  url =		 {https://www.youtube.com/watch?v=eZH1tnWyrRY},
  urldate =	 {18-VIII-2024},
}










@Comment #####################
@Comment Judas Priest
@Comment #####################


































































@Comment ###########
@Comment "Ram It Down" album
@Comment ###########


@online{ Judas-Priest-Ram-It-Down-Ver-2014,
  author =	 {Judas Priest},
  title =	 {Ram It Down},
  year =	 2014,
  url =		 {https://www.youtube.com/watch?v=v0jVb9TmfRM},
  urldate =	 {04-VIII-2024},
  note =	 {Ram It Down},
}



@online{ Judas-Priest-Heavy-Metal-Ver-2014,
  author =	 {Judas Priest},
  title =	 {Heavy Metal},
  year =	 2014,
  url =		 {https://www.youtube.com/watch?v=2AYB-Gjo6cU},
  urldate =	 {04-VIII-2024},
  note =	 {Ram It Down},
}



@online{ Judas-Priest-Ram-It-Down-Ver-2014,
  author =	 {Judas Priest},
  title =	 {Ram It Down},
  year =	 2014,
  url =		 {https://www.youtube.com/watch?v=v0jVb9TmfRM},
  urldate =	 {04-VIII-2024},
}










@Comment ###############################
@Comment United States of America heavy metal
@Comment ###############################


@online{ Cinderella-Nobodys-Fool-Ver-2009,
  author =	 {Cinderella},
  title =	 {Nobody's Fool},
  year =	 2009,
  url =		 {https://www.youtube.com/watch?v=MCOrtJMQmVs},
  urldate =	 {24-VIII-2024},
}



@online{ Dio-Holy-Diver-Official-ETC-2019,
  author =	 {Dio},
  title =	 {Holy Diver (Official Music Video) [HD]},
  year =	 2010,
  url =		 {https://www.youtube.com/watch?v=2lvs2FzF64o},
  urldate =	 {24-VIII-2024},
  note =	 {RHINO},
}



@online{ Dio-Rainbow-In-The-Dark-Official-ETC-2019,
  author =	 {Dio},
  title =	 {Rainbow In~The~Dark (Official Music Video) [HD]},
  year =	 2019,
  url =		 {https://www.youtube.com/watch?v=PrBUjXaRSUQ},
  urldate =	 {24-VIII-2024},
  note =	 {RHINO},
}



@online{ Sanctuary-Future-Tense-Ver-2009,
  author =	 {Sanctuary},
  title =	 {Future Tense},
  year =	 2009,
  url =		 {https://www.youtube.com/watch?v=v5NCBaPE3k0},
  urldate =	 {22-VIII-2024},
  note =	 {SanctuaryVEVO},
}



@online{ Skid-Row-18-And-Life-Official-Music-Video-Ver-2019,
  author =	 {Skid Row},
  title =	 {18~And Life (Official Music Video)},
  year =	 2019,
  url =		 {https://www.youtube.com/watch?v=Ghd2bkIadG4},
  urldate =	 {24-VIII-2024},
  note =	 {RHINO},
}



@online{ Twisted-Sister-Burn-in-Hell-Ver-2015,
  author =	 {Twisted Sister},
  title =	 {Burn in~Hell},
  year =	 2015,
  url =		 {https://www.youtube.com/watch?v=0HWxFeqUxms},
  urldate =	 {21-VIII-2024},
}



@online{ Twisted-Sister-The-Price-Official-Music-Video-Ver-2010,
  author =	 {Twisted Sister},
  title =	 {The Price (Official Music Video)},
  year =	 2010,
  url =		 {https://www.youtube.com/watch?v=UpfZcEjopYE},
  urldate =	 {21-VIII-2024},
}












@Comment #############################################################
@Comment German music
@Comment #############################################################


@online{ Die-Arzte-Deine-Schuld-Ver-2008,
  author =	 {Die Ärzte},
  title =	 {Deine Schuld},
  year =	 2008,
  url =		 {https://www.youtube.com/watch?v=kRrP-bZvD2s},
  urldate =	 {12-VIII-2024},
  note =	 {bademesiterTV},
}



@online{ Die-Arzte-Schrei-nach-Liebe-Ver-2008,
  author =	 {Die Ärzte},
  title =	 {Schrei nach Liebe},
  year =	 2008,
  url =		 {https://www.youtube.com/watch?v=6X9CEi8wkBc},
  urldate =	 {12-VIII-2024},
  note =	 {bademesiterTV},
}



@online{ dArtagnan-Wallenstein-Ver-2019,
  author =	 {dArtagnan},
  title =	 {Wallenstein},
  year =	 2019,
  url =		 {https://www.youtube.com/watch?v=ANgc9fW49_8},
  urldate =	 {25-VIII-2024},
}










@Comment ###############################
@Comment Boney M.
@Comment ###############################


@online{ Boney-M-Ma-Baker-ZDF-Disco-ETC-Ver-2014,
  author =	 {Boney M.},
  title =	 {Ma Baker (ZDF Disco 25.06.1981)},
  year =	 2014,
  url =		 {https://www.youtube.com/watch?v=ag9XCXGXLmo},
  urldate =	 {11-VIII-2024},
  note =	 {Boney M.},
}



@online{ Boney-M-Ma-Baker-Sopot-Festival-ETC-Ver-2015,
  author =	 {Boney M.},
  title =	 {Ma Baker (Sopot Festival 1979)},
  year =	 2015,
  url =		 {https://www.youtube.com/watch?v=9c5yPIQ3LQI},
  urldate =	 {12-VIII-2024},
  note =	 {Boney M.},
}










@Comment ###############################
@Comment Modern Talking
@Comment ###############################


@online{ Modern-Talking-Cheri-Cheri-Lady-ETC-Ver-2009,
  author =	 {Modern Talking},
  title =	 {Cheri Cheri Lady (Official Music Video)},
  year =	 2009,
  url =		 {https://www.youtube.com/watch?v=eNvUS-6PTbs},
  urldate =	 {21-VIII-2024},
  note =	 {Modern Talking Offiziell},
}



@online{ Modern-Talking-Who-Will-Save-The-World-Ver-2015,
  author =	 {Modern Talking},
  title =	 {Who Will Save The World},
  year =	 2015,
  url =		 {https://www.youtube.com/watch?v=TXBfxWfnAdY},
  urldate =	 {27-VIII-2024},
  note =	 {Modern Talking Offiziell},
}






@Comment #############################################################
@Comment Indonesia music
@Comment #############################################################





@Comment #############################################################
@Comment Polish music
@Comment #############################################################


@online{ North-Cape-Kapitan-Kid-2024-version-Ver-2024,
  author =	 {North Cape},
  title =	 {Kapitan Kidd (2024 version)},
  year =	 2024,
  url =		 {https://www.youtube.com/watch?v=wL6rUbKMNBQ},
  urldate =	 {08-IX-2024},
}



@online{ Wilczy-Pajak-Despota-wersja-polska-Ver-2022,
  author =	 {Wolf Spider (Wilczy Pająk)},
  title =	 {"Despota"~-- wersja polska},
  year =	 2022,
  url =		 {https://www.youtube.com/watch?v=2EnjhVhPrmQ},
  urldate =	 {24-VIII-2024},
}



@online{ Zrefowani-Szanta-czeska-Ver-2020,
  author =	 {Zreforwani},
  title =	 {„Szanta czeska” w~wyk. zespołu Zrefowani},
  year =	 2020,
  url =		 {https://www.youtube.com/watch?v=2EnjhVhPrmQ},
  urldate =	 {24-VIII-2024},
}










@Comment #########################################
@Comment Elektryczne Gitary
@Comment #########################################


@online{ Elektryczne-Gitary-Dzieci-wybiegly-official-video-Ver-2014,
  author =	 {)},
  title =	 {},
  year =	 20,
  url =		 {},
  urldate =	 {-2024},
}










@Comment #########################################
@Comment Emberstoke
@Comment #########################################


@online{ Emberstoke-Memories-Official-Music-Video-Ver-2024,
  author =	 {Emberstoke},
  title =	 {Memories (Official Music Video)},
  year =	 2024,
  url =		 {https://www.youtube.com/watch?v=_LH1QnOoceE},
  urldate =	 {08-IX-2024},
}










@Comment #############################################################
@Comment Remixes and mashups
@Comment #############################################################


@online{ AOG-Black-Doors-Break-on-Through-to-the-Paranoid-Side-Ver-2017,
  author =	 {Arnau Orengo Guardiola},
  title =	 {Black Doors~-- Break on~Through to the~Paranoid
                  Side},
  year =	 2017,
  url =		 {https://www.youtube.com/watch?v=hcEkL_Qal3Y},
  urldate =	 {18-VIII-2024},
}



@online{ Bill-McClintock-Black-Sabbath-and-The-Who-Who-Are-ETC-Ver-2017,
  author =	 {Bill McClintock},
  title =	 {Black Sabbath and The~Who~-- "Who? Are You Paranoid?"},
  year =	 2017,
  url =		 {https://www.youtube.com/watch?v=z9O71IhDIXY},
  urldate =	 {23-VIII-2024},
}



@online{ Bill-McClintock-Cece-Peniston-and-Within-Temptation-ETC-Ver-2019,
  author =	 {Bill McClintock},
  title =	 {Cece Peniston and Withing Temptation~-- "Finaly Faster"},
  year =	 2019,
  url =		 {https://www.youtube.com/watch?v=9ZuAN5Z77Tc},
  urldate =	 {15-VIII-2024},
}



@online{ Bill-McClintock-James-Priest-Electric-ETC-Ver-2022,
  author =	 {Bill McClintock},
  title =	 {James Priest~-- "Electric Sex Machine"},
  year =	 2022,
  url =		 {https://www.youtube.com/watch?v=Hrj_uCWxp5Y},
  urldate =	 {18-VIII-2024},
}



@online{ Bill-McClintock-Steely-Crue-Look-Again-Ver-2022,
  author =	 {Bill McClintock},
  title =	 {Steely Crüe~-- "Look Again (2022)"},
  year =	 2022,
  url =		 {https://www.youtube.com/watch?v=DULtC-_dDu4},
  urldate =	 {15-VIII-2024},
}



@online{ Bill-McClintock-The-Doors-and-The-Temptations-ETC-Ver-2018,
  author =	 {Bill McClintock},
  title =	 {The~Doors and The~Temptations~-- "Break on~Through
                  (to the~Funky side)"},
  year =	 2018,
  url =		 {https://www.youtube.com/watch?v=lY25dPKJlX8},
  urldate =	 {18-VIII-2024},
}



@online{ Bill-McClintock-Van-Halen-Earth-Wind-and-Fire-Stevie-ETC-Ver-2019,
  author =	 {Bill McClintock},
  title =	 {Van Halen; Earth, Wind \&~Fire; Stevie Wonder~--
                  "Beautiful Shining Star~of Superstition"},
  year =	 2021,
  url =		 {https://www.youtube.com/watch?v=bH507W7VP2E},
  urldate =	 {23-VIII-2024},
}



@online{ Bill-McClintock-Van-Wonder-Chained-Uptight-Ver-2021,
  author =	 {Bill McClintock},
  title =	 {Van Wonder~-- "Chained Uptight"},
  year =	 2021,
  url =		 {https://www.youtube.com/watch?v=nYUbUl8onqg},
  urldate =	 {18-VIII-2024},
}



@online{ Moreno-J-Remixes-Kim-Wilde-You-Keep-Me-Hagin-On-ETC-Ver-2022,
  author =	 {Moreno J Remixes},
  title =	 {Kim Wilde~-- You Keep Me Hangin' On (Moreno
                  J~Remix)},
  year =	 2022,
  url =		 {https://www.youtube.com/watch?v=bNqvdVJNqh0},
  urldate =	 {23-VIII-2024},
}










@Comment #############################################################
@Comment Russian and Soviet music
@Comment #############################################################


@online{ Kino-Summer-is-ending-Ver-2021,
  author =	 {Kino},
  title =	 {Summer is~ending},
  year =	 2021,
  url =		 {https://www.youtube.com/watch?v=6VqiMQoMXmw},
  urldate =	 {15-VIII-2024},
  note =	 {Omnistar East},
}




@Comment #############################################################
@Comment Silesia music
@Comment #############################################################


@online{ Oberschlesien-Krol-Olch-ETC-Ver-2015,
  author =	 {Oberschlesien},
  title =	 {Król Olch (Official video)},
  year =	 2015,
  url =		 {https://www.youtube.com/watch?v=KPJPJzpk_QQ},
  urldate =	 {21-VIII-2024},
  note =	 {S.P. Records},
}










@Comment #############################################################
@Comment Swedish music
@Comment #############################################################


@online{ Bagger-Where-Were-You-Last-Night-Ver-2019,
  author =	 {Ankie Bagger},
  title =	 {Where Were You Last Night},
  year =	 2019,
  url =		 {https://www.youtube.com/watch?v=fsWAIaotx3k},
  urldate =	 {21-VIII-2024},
  note =	 {AnkieBaggerVEVO},
}



@online{ Royal-Republic-My-House-Official-Video-Ver-2024,
  author =	 {Royal Republic},
  title =	 {My House (Official Video)},
  year =	 2024,
  url =		 {https://www.youtube.com/watch?v=BEKNyt1xLOc},
  urldate =	 {07-IX-2024},
  note =	 {RoyalRepublic},
}










@Comment #############################################################
@Comment United Kingdom music
@Comment #############################################################


@online{ Gorillaz-Feel-Good-Inc-Official-Video-Ver-2016,
  author =	 {Gorillaz},
  title =	 {Feel Good Inc. (Official Video)},
  year =	 2016,
  url =		 {https://www.youtube.com/watch?v=HyHNuVaZJ-k},
  urldate =	 {12-VIII-2024},
}



@online{ Genesis-Home-By-The-Sea-Second-Home-By-The-Sea-ETC-Ver-2009,
  author =	 {Genesis},
  title =	 {Home By The Sea; Second Home By The Sea (Official
                  Music Video)},
  year =	 2009,
  url =		 {https://www.youtube.com/watch?v=Is_2Ng2-yIY},
  urldate =	 {15-VIII-2024},
}



@online{ Wild-You-Keep-Me-Hangin-On-Ver-2013,
  author =	 {Kim Wilde},
  title =	 {You Keep Me Hangin' On},
  year =	 2013,
  url =		 {https://www.youtube.com/watch?v=xJZF-skCY-M},
  urldate =	 {21-VIII-2024},
}










@Comment ###############################
@Comment Pink Floyd
@Comment ###############################


@online{ Pink-Floyd-Run-Like-Hell-PULSE-ETC-Ver-2013,
  author =	 {Pink Floyd},
  title =	 {Run Like Hell (PULSE Restored \& Re-Edited)},
  year =	 2020,
  url =		 {https://www.youtube.com/watch?v=-AC0ucyisd8},
  urldate =	 {27-VIII-2024},
}



@online{ Pink-Floyd-Learning-To-Fly-ETC-Ver-2014,
  author =	 {Pink Floyd},
  title =	 {Learning To Fly (Official video)},
  year =	 2014,
  url =		 {https://www.youtube.com/watch?v=nVhNCTH8pDs},
  urldate =	 {30-VIII-2024},
}




































@Comment #############################################################
@Comment South Korea music
@Comment #############################################################


@online{ HOA-Giu-Official-Video-Ver-2024,
  author =	 {HOA},
  title =	 {Giu},
  year =	 2018,
  url =		 {https://www.youtube.com/watch?v=3o-qxCIxYng},
  urldate =	 {08-IX-2024},
}



@online{ HOA-He-Doesnt-Know-Why-Fleet-Foxes-Ver-2018,
  author =	 {HOA},
  title =	 {„He Doesn't Know Why"~-- Fleet Foxes"},
  year =	 2018,
  url =		 {https://www.youtube.com/watch?v=82l0bSsw-jQ},
  urldate =	 {08-IX-2024},
}



@online{ HOA-I-Dont-Know-Why-Official-Video-Ver-2024,
  author =	 {HOA},
  title =	 {I~Don't Know Why (Official Video)},
  year =	 2024,
  url =		 {https://www.youtube.com/watch?v=8J1b4znVbEI},
  urldate =	 {08-IX-2024},
}














@Comment #############################################################
@Comment United States of Americs music
@Comment #############################################################


@online{ BOC-Astronomy-Ver-2017,
  author =	 {Blue Oyster Cult},
  title =	 {Astronomy},
  year =	 2017,
  url =		 {https://www.youtube.com/watch?v=WhubxhxqNYw},
  urldate =	 {18-VIII-2024},
}



@online{ Five-Finger-Death-Punch-Bad-Company-Ver-2010,
  author =	 {Five Finger Death Punch},
  title =	 {Bad Company},
  year =	 2010,
  url =		 {https://www.youtube.com/watch?v=u_VsvZmIWxY},
  urldate =	 {21-VIII-2024},
}



@online{ Paris-Go-Down-Moses-Official-Audio-Ver-2021,
  author =	 {Mica Paris},
  title =	 {Go Down Moses (Official Audio)},
  year =	 2021,
  url =		 {https://www.youtube.com/watch?v=XU_GcxTZx8k},
  urldate =	 {25-VIII-2024},
}



@online{ Scatman-John-ETC-Scatman-ETC-Ver-2013,
  author =	 {Scatman John Official YouTube Channel},
  title =	 {Scatman (ski-ba-bop-ba-dop-bop) Official Video~HD},
  year =	 2013,
  url =		 {https://www.youtube.com/watch?v=Hy8kmNEo1i8},
  urldate =	 {23-VIII-2024},
}



@online{ Stapleton-White-Horse-Official-Lyric-Video-Ver-2024,
  author =	 {Chris Stapleton},
  title =	 {White Horse (Official Lyric Video)},
  year =	 2024,
  url =		 {https://www.youtube.com/watch?v=8bRf-EX6kkg},
  urldate =	 {10-VIII-2024},
}



@online{ Stapleton-White-Horse-Live-From-SNL-Ver-2024,
  author =	 {Chris Stapleton},
  title =	 {White Horse (Live From SNL)},
  year =	 2024,
  url =		 {https://www.youtube.com/watch?v=VKSUwdprGzU},
  urldate =	 {17-VIII-2024},
}










@Comment #########################################
@Comment The Babylon Bee
@Comment #########################################


@online{ The-Babylon-Bee-Biden-Did-You-Kown-ETC-Ver-2022,
  author =	 {The~Babylon Bee},
  title =	 {Biden, Did You Know? (Song Parody)},
  year =	 2022,
  url =		 {https://www.youtube.com/watch?v=c-ULisCUNR4},
  urldate =	 {21-VIII-2024},
}



@online{ The-Babylon-Bee-Go-Down-Donald-Ver-2020,
  author =	 {The~Babylon Bee},
  title =	 {Go Down Donald},
  year =	 2020,
  url =		 {https://www.youtube.com/watch?v=Q0dzwjPtAwY},
  urldate =	 {06-IX-2024},
}






@Comment #########################################
@Comment The Doors
@Comment #########################################


@Comment ###############################
@Comment The Doors "The Doors" album
@Comment ###############################


@online{ The-Doors-Break-on-Through-ETC-Ver-2014,
  author =	 {The~Doors},
  title =	 {Break on~Through (To the~Other Side)},
  year =	 2014,
  url =		 {https://www.youtube.com/watch?v=NFeUko-lQHg},
  urldate =	 {01-VIII-2024},
  note =	 {The Doors},
}



@online{ The-Doors-Soul-Kitchen-Ver-2014,
  author =	 {The~Doors},
  title =	 {Soul Kitchen},
  year =	 2014,
  url =		 {https://www.youtube.com/watch?v=kLbfviLC09k},
  urldate =	 {01-VIII-2024},
  note =	 {The Doors},
}



@online{ The-Doors-The-Crystal-Ship-Ver-2014,
  author =	 {The~Doors},
  title =	 {The~Crystal Ship},
  year =	 2014,
  url =		 {https://www.youtube.com/watch?v=rbulIrN4scs},
  urldate =	 {01-VIII-2024},
  note =	 {The Doors},
}



@online{ The-Doors-Twentieth-Century-Fox-Ver-2014,
  author =	 {The~Doors},
  title =	 {Twentieth Century Fox},
  year =	 2014,
  url =		 {https://www.youtube.com/watch?v=p1IEQr2bOns},
  urldate =	 {01-VIII-2024},
  note =	 {The Doors},
}



@online{ The-Doors-Alabama-Song-ETC-Ver-2014,
  author =	 {The~Doors},
  title =	 {Alabama Song (Whisky Bar)},
  year =	 2014,
  url =		 {https://www.youtube.com/watch?v=nbtEkZIvMAg},
  urldate =	 {01-VIII-2024},
  note =	 {The Doors},
}



@online{ The-Doors-Light-My-Fire-Ver-2017,
  author =	 {The~Doors},
  title =	 {Light My Fire},
  year =	 2017,
  url =		 {https://www.youtube.com/watch?v=nbtEkZIvMAg},
  urldate =	 {01-VIII-2024},
  note =	 {The Doors},
}



@online{ The-Doors-Back-Door-Man-Ver-2014,
  author =	 {The~Doors},
  title =	 {Back Door Man},
  year =	 2014,
  url =		 {https://www.youtube.com/watch?v=WTwNzhLvRGs},
  urldate =	 {01-VIII-2024},
  note =	 {The Doors},
}



@online{ The-Doors-I-Looked-at-You-Ver-2014,
  author =	 {The~Doors},
  title =	 {End~of the~Night},
  year =	 2014,
  url =		 {https://www.youtube.com/watch?v=sO6ouK39mf8},
  urldate =	 {02-VIII-2024},
  note =	 {The Doors},
}



@online{ The-Doors-Take-It-as-It-Comes-Ver-2017,
  author =	 {The~Doors},
  title =	 {Take It as~It Comse},
  year =	 2017,
  url =		 {https://www.youtube.com/watch?v=yIS9-0qryzM},
  urldate =	 {02-VIII-2024},
  note =	 {The Doors},
}



@online{ The-Doors-The-End-Ver-2014,
  author =	 {The~Doors},
  title =	 {The~End},
  year =	 2014,
  url =		 {https://www.youtube.com/watch?v=BXqPNlng6uI},
  urldate =	 {02-VIII-2024},
  note =	 {The Doors},
}










@Comment #########################################
@Comment The Ramones
@Comment #########################################


@online{ The-Ramones-Take-It-as-It-Comes-Ver-2014,
  author =	 {The~Ramones},
  title =	 {Take It as It Comes},
  year =	 2014,
  url =		 {https://www.youtube.com/watch?v=0CiBch9QyMY},
  urldate =	 {06-IX-2024},
}










@Comment #############################################################
@Comment Yugoslavian music
@Comment #############################################################


@online{ Laibach-Opus-Dei-Life-is-Life-Ver-2012,
  author =	 {Laibach},
  title =	 {Opus Dei (Life is~Life)},
  year =	 2012,
  url =		 {https://www.youtube.com/watch?v=LB9lObWclFQ},
  urldate =	 {23-VIII-2024},
}



@online{ Karber-War-Games-Ver-2023,
  author =	 {Karber},
  title =	 {War Games},
  year =	 2021,
  url =		 {https://www.youtube.com/watch?v=3i8eSo4v0JY},
  urldate =	 {01-VIII-2024},
  note =	 {Omnistar East},
}