@Comment #############################################################
@Comment #############################################################
@Comment Music, books
@Comment #############################################################
@Comment #############################################################



@Comment #############################################################
@Comment Works about musicians
@Comment #############################################################



@Comment #########################################
@Comment Musicians living in XVII and XVIII century after Christ
@Comment #########################################


@book{ Jarocinski-Mozart-Pub-1983,
  author =	 {Stefan Jarociński},
  title =	 {Mozart},
  publisher =	 {Polskie Wydawnictwo Muzyczne},
  address =	 {Kraków},
  year =	 1983,
  edition =	 {I},
}










@Comment #########################################
@Comment Musicians living in XVIII and XIX century after Christ
@Comment #########################################


@book{ Tomaszewski-Chopin-Tom-I-Pub-2022,
  author =	 {Mieczysław Tomaszewski},
  title =	 {Chopin. Tom~I: Człowiek, dzieło, rezonans},
  publisher =	 {Narodowy Instytut Fryderyka Chopina, Polskie
                  Wydawnictwo Muzyczne},
  address =	 {Warszawa, Kraków},
  year =	 2022,
  edition =	 {III},
  isbn =	 {978-83-224-0857-6},
}



@book{ Tomaszewski-Chopin-Tom-II-Pub-2016,
  author =	 {Mieczysław Tomaszewski},
  title =	 {Chopin. Tom~II: Uchwycić nieuchwytne},
  publisher =	 {Narodowy Instytut Fryderyka Chopina, Polskie
                  Wydawnictwo Muzyczne},
  address =	 {Warszawa, Kraków},
  year =	 2016,
  edition =	 {I},
  isbn =	 {978-83-224-5001-7},
}










@Comment #########################################
@Comment Musicians living in XX and XXI century after Christ
@Comment #########################################


@book{ Chromcewicz-The-Beatles-Pub-1990,
  author =	 {Witold Chromcewicz},
  title =	 {The~Beatles},
  publisher =	 {Polskie Wydawnictwo Muzyczne},
  address =	 {Kraków},
  year =	 1990,
  edition =	 {I},
  isbn =	 {83-224-0401-8},
}










@Comment #############################################################
@Comment History of music
@Comment #############################################################


@book{ Barber-Bach-Beethoven-i-inne-chlopaki-ETC-Pub-2005,
  author =	 {David W. Barber},
  title =	 {Bach, Beethoven i~inne chłopaki, czyli historia
                  muzyki wyłożona wreszcie jak należy},
  publisher =	 {Wydawnictwo Adamant},
  address =	 {Warszawa},
  year =	 2005,
  edition =	 {IV},
  note =	 {Ilustracje: Dave Donald. Tłum. Barbara Świderska},
}



@book{ Barber-Kiedy-gruba-dama-spiewa-ETC-2005,
  author =	 {David W. Barber},
  title =	 {Kiedy gruba dama śpiewa, czyli historia opery
                  wyłożona wreszcie jak należy},
  publisher =	 {Wydawnictwo Adamant},
  address =	 {Warszawa},
  year =	 2005,
  edition =	 {II},
  note =	 {Ilustracje: Dave Donald. Tłum. Barbara Świderska},
}



@book{ Barber-Zygzakiem-przez-muzyke-Pub-2007,
  author =	 {David W. Barber},
  title =	 {Zygzakiem przez muzykę, czyli następna historia
                  muzyki wyłożona wreszcie jak należy},
  publisher =	 {Wydawnictwo Adamant},
  address =	 {Warszawa},
  year =	 2007,
  edition =	 {I},
  note =	 {Ilustracje: Dave Donald. Tłum. Barbara Świderska},
}










@Comment #############################################################
@Comment Lyrics
@Comment #############################################################


@book{ Metallica-Antologia-tekstow-i-przykladow-Pub-2004,
  author =	 {Metallica},
  title =	 {Antologia tekstów i~przekładów},
  publisher =	 {In Rock},
  address =	 {Poznań},
  year =	 2004,
  edition =	 {I},
  isbn =	 {83-86365-87-0},
  note =	 {Teksty Metalliki w~przekładach Tomasza Szmajtera},
}

















@Comment #############################################################
@Comment Music and humor
@Comment #############################################################


@book{ Nowosad-Anegdota-ciekawostka-ETC-Pub-2004,
  author =	 {Janusz Nowosad},
  title =	 {Anegdota, ciekawostka i~dowcip w~muzyce},
  publisher =	 {Wydawnictwo Muzyczne Polihymia},
  address =	 {Lublin},
  year =	 2004,
  note =	 {Rysunki Tomasz Wilczkiewicz},
}










@Comment #############################################################
@Comment Music theory
@Comment #############################################################


@book{ Wesolowski-Zasady-muzyki-Pub-2017,
  author =	 {Franciszek Wesołowski},
  title =	 {Zasady muzyki},
  publisher =	 {Polskie Wydanictwo Muzyczne},
  address =	 {Kraków},
  year =	 2017,
  edition =	 {XVIII, rzut II (2018)},
  note =	 {PWN edition},
}



@book{ Wesolowski-Zasady-muzyki-Pub-2021,
  author =	 {Franciszek Wesołowski},
  title =	 {Zasady muzyki},
  publisher =	 {Polskie Wydanictwo Muzyczne},
  address =	 {Kraków},
  year =	 2021,
  edition =	 {XX},
  note =	 {PWN edition},
}
