@Comment #############################################################
@Comment #############################################################
@Comment Music videos. Netography
@Comment #############################################################
@Comment #############################################################



@Comment #############################################################
@Comment Funny music videos
@Comment #############################################################


@online{ Lords-of-the-Trident-How-SABATON-orders-a-coffee-Ver-2023,
  author =	 {Lords of the~Trident},
  title =	 {How SABATON orders a~coffee},
  year =	 2023,
  url =		 {https://www.youtube.com/watch?v=XwNX4JC_mD0},
  urldate =	 {2024-12-19},
}



@online{ Lords-of-the-Trident-How-SABATON-orders-a-coffee-Ver-2023,
  author =	 {Lords of the~Trident},
  title =	 {How SABATON orders a~coffee},
  year =	 2023,
  url =		 {https://www.youtube.com/watch?v=XwNX4JC_mD0},
  urldate =	 {2024-12-19},
}