@Comment #############################################################
@Comment #############################################################
@Comment Music studies. Netography
@Comment #############################################################
@Comment #############################################################



@online{ -Ver-2023,
  author =	 {},
  title =	 {},
  year =	 2023,
  url =		 {https://plato.stanford.edu/entries/lambda-calculus/},
  urldate =	 {13-VII-2024},
}










@Comment #############################################################
@Comment Interviews
@Comment #############################################################


@online{ -Ver-2023,
  author =	 {},
  title =	 {},
  year =	 2023,
  url =		 {https://plato.stanford.edu/entries/lambda-calculus/},
  urldate =	 {13-VII-2024},
}










@Comment #############################################################
@Comment Rick Beato
@Comment #############################################################


@online{ Beato-Music-Like-This-On-National-Television-ETC-Ver-2024,
  author =	 {Rick Beato},
  title =	 {Musi Like This On National Television Is~Unthinkable
                  Today},
  year =	 2024,
  url =		 {https://www.youtube.com/watch?v=Jmp6hi-Y9ow},
  urldate =	 {31-X-2024},
}










@Comment #########################################
@Comment What Makes This Song Great?
@Comment #########################################


@online{ Beato-WMTSG-Comfortably-Numb-Pink-Floyd-Ver-2021,
  author =	 {Rick Beato},
  title =	 {What Makes This Song Great? Ep. 104: "Confortably
                  Numb" Pink Floyd},
  year =	 2021,
  url =		 {https://www.youtube.com/watch?v=5-gF-tmblA8},
  urldate =	 {1-X-2024},
}