@Comment #############################################################
@Comment #############################################################
@Comment Music, online resources
@Comment #############################################################
@Comment #############################################################



@online{ -Ver-2023,
  author =	 {Jesse Alama and Johannes Korbmacher},
  title =	 {The Lambda Calculus},
  year =	 2023,
  url =		 {https://plato.stanford.edu/entries/lambda-calculus/},
  urldate =	 {13-VII-2024},
}










@Comment #############################################################
@Comment Russian and Soviet musics
@Comment #############################################################


@online{ Karber-War-Games-Ver-2023,
  author =	 {Karber},
  title =	 {War Games},
  year =	 2021,
  url =		 {https://www.youtube.com/watch?v=3i8eSo4v0JY},
  urldate =	 {01-VIII-2024},
  note =	 {Omnistar East},
}










@Comment #############################################################
@Comment USA music
@Comment #############################################################



@Comment ###############################
@Comment The Doors
@Comment ###############################


@Comment #####################
@Comment The Doors "The Doors" album
@Comment #####################
