@Comment #############################################################
@Comment #############################################################
@Comment United Kingdom music. Netography
@Comment #############################################################
@Comment #############################################################


@online{ Gorillaz-Feel-Good-Inc-Official-Video-Ver-2016,
  author =	 {Gorillaz},
  title =	 {Feel Good Inc. (Official Video)},
  year =	 2016,
  url =		 {https://www.youtube.com/watch?v=HyHNuVaZJ-k},
  urldate =	 {2024-08-12},
}



@online{ Genesis-Home-By-The-Sea-Second-Home-By-The-Sea-ETC-Ver-2009,
  author =	 {Genesis},
  title =	 {Home By The Sea; Second Home By The Sea (Official
                  Music Video)},
  year =	 2009,
  url =		 {https://www.youtube.com/watch?v=Is_2Ng2-yIY},
  urldate =	 {2024-08-15},
}



@online{ The-Rolling-Stones-Paint-It-Black-Ver-2018,
  author =	 {The~Rolling Stones},
  title =	 {Paint It, Black},
  year =	 2018,
  url =		 {https://www.youtube.com/watch?v=EBUFtoC2oj4},
  urldate =	 {2024-09-14},
}



@online{ The-Rolling-Stones-Paint-It-Black-Official-Lyrics-Video-Ver-2015,
  author =	 {The~Rolling Stones},
  title =	 {Paint It, Black (Official Lyrics Video)},
  year =	 2018,
  url =		 {https://www.youtube.com/watch?v=O4irXQhgMqg},
  urldate =	 {2024-09-14},
}



@online{ Wild-You-Keep-Me-Hangin-On-Ver-2013,
  author =	 {Kim Wilde},
  title =	 {You Keep Me Hangin' On},
  year =	 2013,
  url =		 {https://www.youtube.com/watch?v=xJZF-skCY-M},
  urldate =	 {2024-08-21},
}










@Comment #############################################################
@Comment Pink Floyd
@Comment #############################################################


@online{ Pink-Floyd-Comortably-Numb-PULSE-ETC-Ver-2020,
  author =	 {Pink Floyd},
  title =	 {Comfortably Numb (PULSE Restored \& Re-Edited)},
  year =	 2020,
  url =		 {https://www.youtube.com/watch?v=7kWl-ZGMwkQ},
  urldate =	 {2024-10-12},
}



@online{ Pink-Floyd-Run-Like-Hell-PULSE-ETC-Ver-2020,
  author =	 {Pink Floyd},
  title =	 {Run Like Hell (PULSE Restored \& Re-Edited)},
  year =	 2020,
  url =		 {https://www.youtube.com/watch?v=-AC0ucyisd8},
  urldate =	 {2024-08-27},
}



@online{ Pink-Floyd-Learning-To-Fly-ETC-Ver-2014,
  author =	 {Pink Floyd},
  title =	 {Learning To Fly (Official video)},
  year =	 2014,
  url =		 {https://www.youtube.com/watch?v=nVhNCTH8pDs},
  urldate =	 {2024-08-30},
}










@Comment #########################################
@Comment "Meddle" album
@Comment #########################################





@Comment #########################################
@Comment "The Wall" album
@Comment #########################################


@online{ Pink-Floyd-Confortably-Numb-Ver-2016,
  author =	 {Pink Floyd},
  title =	 {Comfortably Numb},
  year =	 2016,
  url =		 {https://www.youtube.com/watch?v=x-xTttimcNk},
  urldate =	 {2024-10-01},
}
