@Comment #############################################################
@Comment #############################################################
@Comment United States of America music, netography
@Comment #############################################################
@Comment #############################################################


@online{ Abdul-Straight-Up-Official-Music-Video-Ver-2009,
  author =	 {Paula Abdul},
  title =	 {Straight Up (Official Music Vide)},
  year =	 2009,
  url =		 {https://www.youtube.com/watch?v=El1kgCqD7Xk},
  urldate =	 {19-IX-2024},
}



@online{ Abdul-Cold-Hearted-Official-Music-Video-Ver-2009,
  author =	 {Paula Abdul},
  title =	 {Cold Hearted (Official Music Vide)},
  year =	 2009,
  url =		 {https://www.youtube.com/watch?v=o7aShcmEksw},
  urldate =	 {19-IX-2024},
}



@online{ BOC-Astronomy-Ver-2017,
  author =	 {Blue Oyster Cult},
  title =	 {Astronomy},
  year =	 2017,
  url =		 {https://www.youtube.com/watch?v=WhubxhxqNYw},
  urldate =	 {18-VIII-2024},
}



@online{ Five-Finger-Death-Punch-Bad-Company-Ver-2010,
  author =	 {Five Finger Death Punch},
  title =	 {Bad Company},
  year =	 2010,
  url =		 {https://www.youtube.com/watch?v=u_VsvZmIWxY},
  urldate =	 {21-VIII-2024},
}



@online{ Joel-We-Didnt-Start-the-Fire-Official-HD-Video-Ver-2009,
  author =	 {Billy Joel},
  title =	 {We Didn't Start the Fire (Official HD Video)},
  year =	 2009,
  url =		 {https://www.youtube.com/watch?v=eFTLKWw542g},
  urldate =	 {14-IX-2024},
}



@online{ Paris-Go-Down-Moses-Official-Audio-Ver-2021,
  author =	 {Mica Paris},
  title =	 {Go Down Moses (Official Audio)},
  year =	 2021,
  url =		 {https://www.youtube.com/watch?v=XU_GcxTZx8k},
  urldate =	 {25-VIII-2024},
}



@online{ Scatman-John-ETC-Scatman-ETC-Ver-2013,
  author =	 {Scatman John Official YouTube Channel},
  title =	 {Scatman (ski-ba-bop-ba-dop-bop) Official Video~HD},
  year =	 2013,
  url =		 {https://www.youtube.com/watch?v=Hy8kmNEo1i8},
  urldate =	 {23-VIII-2024},
}



@online{ Stapleton-White-Horse-Official-Lyric-Video-Ver-2024,
  author =	 {Chris Stapleton},
  title =	 {White Horse (Official Lyric Video)},
  year =	 2024,
  url =		 {https://www.youtube.com/watch?v=8bRf-EX6kkg},
  urldate =	 {10-VIII-2024},
}



@online{ Stapleton-White-Horse-Live-From-SNL-Ver-2024,
  author =	 {Chris Stapleton},
  title =	 {White Horse (Live From SNL)},
  year =	 2024,
  url =		 {https://www.youtube.com/watch?v=VKSUwdprGzU},
  urldate =	 {17-VIII-2024},
}



@online{ Steely-Dan-Do-It-Again-Ver-2018,
  author =	 {Steely Dan},
  title =	 {Do It Again},
  year =	 2018,
  url =		 {https://www.youtube.com/watch?v=yCgHTmv4YU8},
  urldate =	 {15-IX-2024},
}



@online{ Steely-Dan-Do-It-Again-The-Midnight-Special-Ver-2023,
  author =	 {Steely Dan},
  title =	 {Do It Again},
  year =	 2023,
  url =		 {https://www.youtube.com/watch?v=yCgHTmv4YU8},
  urldate =	 {20-IX-2024},
  note =	 {The Midnight Special},
}



@online{ The-Hooters-All-You-Zombies-Ver-2009,
  author =	 {The~Hooters},
  title =	 {All You Zombies},
  year =	 2009,
  url =		 {https://www.youtube.com/watch?v=2LE0KpcP05I},
  urldate =	 {13-IX-2024},
  note =	 {TheHootersVEVO},
}



@online{ The-Hooters-Johnny-B-Ver-2009,
  author =	 {The~Hooters},
  title =	 {Johnny B},
  year =	 2009,
  url =		 {https://www.youtube.com/watch?v=YKy4riaOBMk},
  urldate =	 {13-IX-2024},
  note =	 {TheHootersVEVO},
}



@online{ X-Ambassadors-Renegades-Lyric-Video-Ver-2015,
  author =	 {X~Ambassadors},
  title =	 {Renegades (Lyric Video)},
  year =	 2015,
  url =		 {https://www.youtube.com/watch?v=8j741TUIET0},
  urldate =	 {27-VIII-2024},
}










@Comment #############################################################
@Comment The Babylon Bee
@Comment #############################################################


@online{ The-Babylon-Bee-Biden-Did-You-Kown-ETC-Ver-2022,
  author =	 {The~Babylon Bee},
  title =	 {Biden, Did You Know? (Song Parody)},
  year =	 2022,
  url =		 {https://www.youtube.com/watch?v=c-ULisCUNR4},
  urldate =	 {21-VIII-2024},
}



@online{ The-Babylon-Bee-California-Fleein-ETC-Ver-2023,
  author =	 {The~Babylon Bee},
  title =	 {California Fleein' (Beach Boys Parody)},
  year =	 2023,
  url =		 {https://www.youtube.com/watch?v=TwJlKw56l30},
  urldate =	 {14-IX-2024},
}



@online{ The-Babylon-Bee-Go-Down-Donald-Ver-2020,
  author =	 {The~Babylon Bee},
  title =	 {Go Down Donald},
  year =	 2020,
  url =		 {https://www.youtube.com/watch?v=Q0dzwjPtAwY},
  urldate =	 {06-IX-2024},
}



@online{ The-Babylon-Bee-I-Wish-We-All-Could-Leave-California-ETC-Ver-2022,
  author =	 {The~Babylon Bee},
  title =	 {I~Wish We All Could Leave California (Beach Boys Parody)},
  year =	 2022,
  url =		 {https://www.youtube.com/watch?v=ApfBvkql0lI},
  urldate =	 {14-IX-2024},
}










@Comment #############################################################
@Comment Bob Dylan
@Comment #############################################################


@online{ Dylan-Quinn-the-Eskimo-ETC-Ver-2021,
  author =	 {Bob Dylan},
  title =	 {Quinn the~Eskimo (The~Mighty Quinn); Studio Outtake,
                  1967; Official Audio},
  year =	 2019,
  url =		 {https://www.youtube.com/watch?v=-UwMvE-rdZw},
  urldate =	 {29-VIII-2024},
}










@Comment #########################################
@Comment Another Side of Bob Dylan
@Comment #########################################


@online{ Dylan-My-Back-Pages-Official-Audio-Ver-2019,
  author =	 {Bob Dylan},
  title =	 {My Back Pages (Official Audio)},
  year =	 2019,
  url =		 {https://www.youtube.com/watch?v=92cF_KCH7TU},
  urldate =	 {02-IX-2024},
  note =	 {Another Side~of Bob Dylan},
}










@Comment #############################################################
@Comment The Doors
@Comment #############################################################


@Comment #########################################
@Comment The Doors "The Doors" album
@Comment #########################################


@online{ The-Doors-Break-on-Through-ETC-Ver-2014,
  author =	 {The~Doors},
  title =	 {Break on~Through (To the~Other Side)},
  year =	 2014,
  url =		 {https://www.youtube.com/watch?v=NFeUko-lQHg},
  urldate =	 {01-VIII-2024},
  note =	 {The Doors},
}



@online{ The-Doors-Soul-Kitchen-Ver-2014,
  author =	 {The~Doors},
  title =	 {Soul Kitchen},
  year =	 2014,
  url =		 {https://www.youtube.com/watch?v=kLbfviLC09k},
  urldate =	 {01-VIII-2024},
  note =	 {The Doors},
}



@online{ The-Doors-The-Crystal-Ship-Ver-2014,
  author =	 {The~Doors},
  title =	 {The~Crystal Ship},
  year =	 2014,
  url =		 {https://www.youtube.com/watch?v=rbulIrN4scs},
  urldate =	 {01-VIII-2024},
  note =	 {The Doors},
}



@online{ The-Doors-Twentieth-Century-Fox-Ver-2014,
  author =	 {The~Doors},
  title =	 {Twentieth Century Fox},
  year =	 2014,
  url =		 {https://www.youtube.com/watch?v=p1IEQr2bOns},
  urldate =	 {01-VIII-2024},
  note =	 {The Doors},
}



@online{ The-Doors-Alabama-Song-ETC-Ver-2014,
  author =	 {The~Doors},
  title =	 {Alabama Song (Whisky Bar)},
  year =	 2014,
  url =		 {https://www.youtube.com/watch?v=nbtEkZIvMAg},
  urldate =	 {01-VIII-2024},
  note =	 {The Doors},
}



@online{ The-Doors-Light-My-Fire-Ver-2017,
  author =	 {The~Doors},
  title =	 {Light My Fire},
  year =	 2017,
  url =		 {https://www.youtube.com/watch?v=nbtEkZIvMAg},
  urldate =	 {01-VIII-2024},
  note =	 {The Doors},
}



@online{ The-Doors-Back-Door-Man-Ver-2014,
  author =	 {The~Doors},
  title =	 {Back Door Man},
  year =	 2014,
  url =		 {https://www.youtube.com/watch?v=WTwNzhLvRGs},
  urldate =	 {01-VIII-2024},
  note =	 {The Doors},
}



@online{ The-Doors-I-Looked-at-You-Ver-2014,
  author =	 {The~Doors},
  title =	 {End~of the~Night},
  year =	 2014,
  url =		 {https://www.youtube.com/watch?v=sO6ouK39mf8},
  urldate =	 {02-VIII-2024},
  note =	 {The Doors},
}



@online{ The-Doors-Take-It-as-It-Comes-Ver-2017,
  author =	 {The~Doors},
  title =	 {Take It as~It Comse},
  year =	 2017,
  url =		 {https://www.youtube.com/watch?v=yIS9-0qryzM},
  urldate =	 {02-VIII-2024},
  note =	 {The Doors},
}



@online{ The-Doors-The-End-Ver-2014,
  author =	 {The~Doors},
  title =	 {The~End},
  year =	 2014,
  url =		 {https://www.youtube.com/watch?v=BXqPNlng6uI},
  urldate =	 {02-VIII-2024},
  note =	 {The Doors},
}










@Comment #############################################################
@Comment The Ramones
@Comment #############################################################


@online{ The-Ramones-Take-It-as-It-Comes-Ver-2014,
  author =	 {The~Ramones},
  title =	 {Take It as It Comes},
  year =	 2014,
  url =		 {https://www.youtube.com/watch?v=0CiBch9QyMY},
  urldate =	 {06-IX-2024},
}
