@Comment #############################################################
@Comment #############################################################
@Comment #############################################################
@Comment PHILOSOPHY, BOOKS
@Comment #############################################################
@Comment #############################################################
@Comment #############################################################



@Comment #############################################################
@Comment #############################################################
@Comment GREAT PHILOSOPHY, BOOKS
@Comment #############################################################
@Comment #############################################################



@Comment #############################################################
@Comment ARISTOTEL, BOOKS
@Comment #############################################################


@book{ ArytotelesRetorykaRetorykaAleksandraPoetyka2004,
  author =	 {Arystoteles},
  title =	 {Retoryka. Retoryka dla Aleksandra. Poetyka},
  publisher =	 {Wydawnictwo Naukowe~PWN},
  address =	 {Warszawa},
  year =	 2004,
  edition =	 {{}},
}










@Comment #############################################################
@Comment PLATO, BOOKS
@Comment #############################################################


@book{ PlatonLachesProtagoras2002,
  author =	 {Platon},
  title =	 {Laches, Protagoras},
  publisher =	 {Wydawnictwo ANTYK},
  address =	 {Kęty},
  year =	 2002,
  edition =	 {I},
}


@book{ PlatonDialogiVolII1999,
  author =	 {Platon},
  title =	 {Dialogi},
  publisher =	 {ANTYK},
  volume =	 {II},
  edition =	 {I},
  year =	 1999,
}










@Comment #############################################################
@Comment LAOZI, BOOKS
@Comment #############################################################


@book{ LaoziKsiegaDaoIDe2006,
  author =	 {Laozi},
  title =	 {Księga dao i~de z~komentarzami Wang Bi},
  publisher =	 {Wydawnictwo Uniwersytetu Jagiellońskiego},
  address =	 {Kraków},
  year =	 2006,
  edition =	 {I},
}










@Comment #############################################################
@Comment #############################################################
@Comment PHILOSOPHERS, BOOKS
@Comment #############################################################
@Comment #############################################################



@Comment #############################################################
@Comment ERIC VOEGELIN, BOOKS
@Comment #############################################################


@book{ VoegelinNowaNaukaPolityki1992,
  author =	 {Eric Voegelin},
  title =	 {Nowa nauka polityki},
  publisher =	 {Fundacja „Aletheia”},
  address =	 {Warszawa},
  year =	 1992,
  edition =	 {I},
}



@book{ VoegelinIzraelIObjawienie2014,
  author =	 {Eric Voegelin},
  title =	 {Izrael i~Objawienie},
  publisher =	 {Teologia Polityczna},
  address =	 {Warszawa},
  year =	 2014,
  edition =	 {I},
  series =	 {Ład i~Historia},
  volume =	 {I},
}










@Comment #############################################################
@Comment #############################################################
@Comment PHILOSOPHY AND RELIGIONS, BOOKS
@Comment #############################################################
@Comment #############################################################


@book{ BragueMadroscSwiata2021,
  author =	 {R{\'{e}}mi Brague},
  title =	 {Mądość świata. Historia ludzkiego doświadczenia
                  Wszechświata},
  publisher =	 {Teologia Polityczna},
  address =	 {Warszawa},
  year =	 2021,
  edition =	 {I},
  series =	 {Biblioteka Teologii Politycznej},
  volume =	 24,
  note =	 {Tłum. Agnieszka Kuryś},
}



@book{ BraguePrawoBoga2014,
  author =	 {R{\'{e}}mi Brague},
  title =	 {Prawo Boga. Filozoficzna historia przymierza},
  publisher =	 {Teologia Polityczna},
  address =	 {Warszawa},
  year =	 2014,
  edition =	 {I},
}










@Comment #############################################################
@Comment #############################################################
@Comment ETHICS, BOOKS
@Comment #############################################################
@Comment #############################################################


@book{ MacIntyreDziedzictwoCnoty1996,
  author =	 {Alasdair MacIntyre},
  title =	 {Dziedzictwo cnoty},
  publisher =	 {Wydawnictwo Naukowe~PWN},
  address =	 {Warszawa},
  year =	 1996,
  edition =	 {I},
  series =	 {Biblioteka Współczesnych Filozofów},
}



@book{ TaylorEtykaAutentycznosci2002,
  author =	 {Charles Taylor},
  title =	 {Etyka autentyczności},
  publisher =	 {Wydawnictwo Znak},
  address =	 {Kraków},
  year =	 2002,
  edition =	 {I},
}










@Comment #############################################################
@Comment #############################################################
@Comment AESTHETICS AND PHILOSOPHY OF ART, BOOKS
@Comment #############################################################
@Comment #############################################################










@Comment #############################################################
@Comment #############################################################
@Comment PHILOSOPHY, POLITICS AND HISTORY, BOOKS
@Comment #############################################################
@Comment #############################################################


@book{ ColeridgeOKonstytucjiKosciolaIPanstwa2017,
  author =	 {Samuel Taylor Coleridge},
  title =	 {O konstytucji Kościoła i~państwa. Wybór pism},
  publisher =	 {Ośrodek Myśli Politycznej},
  address =	 {Kraków},
  year =	 2017,
  edition =	 {I},
  series =	 {Biblioteka Myśli Politycznej},
  volume =	 122,
  note =	 {Tłum. Jakub Czernik},
}



@book{ MeierPowstaniePolitycznosciUGrekow2012,
  author =	 {Christian Meier},
  title =	 {Powstanie polityczności u~Greków},
  publisher =	 {Teologia Polityczna},
  address =	 {Warszawa},
  year =	 2012,
  edition =	 {I},
  series =	 {Biblioteka Teologi Politycznej},
  volume =	 7,
  note =	 {Tłum. Marek A.~Cichocki},
}










@Comment #############################################################
@Comment #############################################################
@Comment ANALITICAL PHILOSOPHY, BOOKS
@Comment #############################################################
@Comment #############################################################


@book{ AnscombeGeachTrzejFilozofowie1981,
  author =	 {Gertrud Elisabeth M. Anscombe and Peter Thomas Geach},
  title =	 {Trzej filozofowie},
  publisher =	 {Wydawnictwo PAX},
  address =	 {Warszawa},
  year =	 1981,
  edition =	 {I},
  note =	 {Tłum. Bohdan Chwedeńczuk},
}



@book{ FregePismaSemantyczne1977,
  author =	 {Gottlob Frege},
  title =	 {Pisma semantyczne},
  publisher =	 {Państwowe Wydawnictwo Naukowe},
  address =	 {Warszawa},
  year =	 1977,
  edition =	 {I},
  series =	 {Biblioteka klasyków filozofii},
  volume =	 125,
  note =	 {Z~języka niemieckiego przełożył oraz wstępem
                  i~przypisami opatrzył Bogusław Wolniewicz},
}



@book{ GeachDoCzegoOdnoszaSieWyrazeniaOgolne2006,
  author =	 {Piotr Tomasz Geach},
  title =	 {Do~czego odnoszą~się wyrażenia ogólne?},
  publisher =	 {Wydawnictwo Naukowe Semper},
  address =	 {Warszawa},
  year =	 2006,
  edition =	 {I},
  note =	 {Tłum. Joanna Odrowąż-Sypniewska},
}



@book{ LukasiewiczLogikaIMetafizyka1998,
  author =	 {Jan Łukasiewicz},
  title =	 {Logika i~metafizyka. Miscellanea},
  publisher =	 {Wydział Filozofii i~Socjologii Uniwersytetu
		  Warszawskiego},
  address =	 {Warszawa},
  year =	 1998,
  edition =	 {I},
  note =	 {Pod~redakcją Jacka Juliusza Jadackiego},
}










@Comment #############################################################
@Comment #############################################################
@Comment PHILOSOPHY AND NATURAL SCIENCES, PHILOSOPHIZING
@Comment SCIENTISTS, BOOKS
@Comment #############################################################
@Comment #############################################################


@book{ HellerZycinskiMaszynaCzyMysl1988,
  author =	 {Michał Heller and Józef Życiński},
  title =	 {Wszechświat~-- maszyna czy~myśl?},
  publisher =	 {Polskie Towarzystwo Teologiczne},
  address =	 {Kraków},
  year =	 1988,
  edition =	 {I},
  note =	 {Współautorzy: Małgorzata Głódź, Jeszy Szczęsny,
                  Jacek Urbaniec},
}



@book{ HellerZycinskiMaszynaCzyMysl2014,
  author =	 {Michał Heller and Józef Życiński},
  title =	 {Wszechświat~-- maszyna czy~myśl?},
  publisher =	 {Polskie Towarzystwo Teologiczne},
  address =	 {Kraków},
  year =	 2014,
  edition =	 {Wydanie drugie, poprawione i~poszerzone},
  note =	 {Współautorzy: Tadeusz Pabjan, Małgorzata Głódź,
                  Jeszy Szczęsny, Jacek Urbaniec},
}



@book{ MurawskiFilozofiaMatematykiZarysDziejow1995,
  author =	 {Robert Murawski},
  title =	 {Filozofia matematyki. Zarys dziejów},
  publisher =	 {Wydawnictwo Naukowe~PWN},
  address =	 {Warszawa},
  year =	 1995,
  edition =	 {I},
}



@book{ PenroseModaWiaraIFantazja2017,
  author =	 {Roger Penrose},
  title =	 {Moda, wiara i~fantazja w~nowej fizyce
		  Wszechświata},
  publisher =	 {Copernicus Center Press},
  address =	 {Kraków},
  year =	 2017,
  edition =	 {I},
  note =	 {Tłum. Łukasz Łamża i~Tomasz Miller},
}



@book{ WhiteheadNaukaISwiatNowozytny1987,
  author =	 {Alfred North Whitehead},
  title =	 {Nauka i~świat nowożytny},
  publisher =	 {Wydawnictwo ZNAK},
  address =	 {Kraków},
  year =	 1987,
  edition =	 {I},
}










@Comment #############################################################
@Comment PHILOSOPHY IN XX CENTURY, BOOKS
@Comment #############################################################


@book{ SuitsKonikPolny2016,
  author =	 {Bernard Suits},
  title =	 {Konik Polny. Gry, życie i~utopia},
  publisher =	 {Wydawnictwo Aletheia},
  address =	 {Warszawa},
  year =	 2016,
  edition =	 {I},
  note =	 {Przełożył i~wstępem opatrzył Filip Kobiela},
}










@Comment #############################################################
@Comment #############################################################
@Comment CHINA'S PHILOSOPHY AND THOUGHT, BOOKS
@Comment #############################################################
@Comment #############################################################


@Comment #############################################################
@Comment CONFUCIAN SCHOOL, BOOKS
@comment #############################################################


@book{ KonfucjuszAnalekta2018,
  author =	 {Konfucjusz},
  title =	 {Analekta},
  publisher =	 {Wydawnictwo Uniwersytetu Warszawskiego},
  address =	 {Warszawa},
  year =	 2018,
  edition =	 {I},
  series =	 {Confuciana},
  note =	 {Tłumaczenie i~opracowanie Katarzyna Pejda},
}










@Comment #############################################################
@Comment #############################################################
@Comment JAPANE'S PHILOSOPHY AND THOUGHT, BOOKS
@Comment #############################################################
@Comment #############################################################


@book{ BlockerStarlingFilozofiaJaponska2008,
  author =	 {H. Gene Blocek and Christopher L. Straling},
  title =	 {Filozofia japońska},
  publisher =	 {Wydawnictwo Uniwersytetu Jagiellońskiego},
  address =	 {Kraków},
  year =	 2008,
  edition =	 {I},
  series =	 {Ex Oriente},
  note =	 {Tłum. Natalia Szuster},
}










@Comment #############################################################
@Comment #############################################################
@Comment PHILOSOPHY AND NATURAL WORLD, BOOKS
@Comment #############################################################
@Comment #############################################################


@book{ ScrutonZielonaFilozofia2017,
  author =	 {Roger Scruton},
  title =	 {Zielona filozofia. Jak poważnie myśleć o~naszej
                  planecie},
  publisher =	 {Zysk i~S-ka},
  address =	 {Poznań},
  year =	 2017,
  edition =	 {I},
  note =	 {Przekład Justyna Grzegorczyk, Rafał Paweł
                  Wierzchosławski},
}










@Comment #############################################################
@Comment #############################################################
@Comment PHILOSOPHICAL MONOGRAPHIES, BOOKS
@Comment #############################################################
@Comment #############################################################


@book{ TatarkiewiczOSzczesciu1962,
  author =	 {Władysław Tatarkiewicz},
  title =	 {O~szczęsciu},
  publisher =	 {Państwowe Wydawnictwo Naukowe},
  address =	 {Warszawa},
  year =	 1962,
  edition =	 {Wydanie szóste, przejrzane i poprawione},
}










@Comment #############################################################
@Comment #############################################################
@Comment ANALYSIS OF PHILOSOPHIES, CIVILISATIONS AND CULTURES, BOOKS
@Comment #############################################################
@Comment #############################################################


@book{ CoplestonFilozofieIKultury1986,
  author =	 {Frederick Copleston S.J.},
  title =	 {Filozofie i~kultur},
  publisher =	 {Instytut Wydawniczy PAX},
  address =	 {Warszawa},
  year =	 1986,
  edition =	 {I},
}



@book{ KoselleckKrytykaIKryzys2015,
  author =	 {Reinhart Koselleck},
  title =	 {Krytyka i~kryzys. Studium patogenezy świata
		  mieszczańskiego},
  publisher =	 {Res Publica Nowa},
  address =	 {Warszawa},
  year =	 2015,
  edition =	 {I},
  series =	 {Bibliotek Res Publiki Nowej},
  note =	 {Przekład, wstęp i~opracowanie: Jakub Duraj, Marcin
		  Moskalewicz},
}



@book{ MaritainRefleksjeOAmeryce2018,
  author =	 {Jacques Maritain},
  title =	 {Reflekcje o~Ameryce},
  publisher =	 {Wydawnictwo Naukowe Uniwerystetu Kardynała Stefana
		  Wyszyńskiego},
  address =	 {Warszawa},
  year =	 2018,
  edition =	 {I},
  note =	 {Przełożył i~opracował Dariusz Góra-Szopińska},
}



@book{ NakamuraSystemyMysleniaLudowWschodu2005,
  author =	 {Hajime Nakamura},
  title =	 {Systemy myślenia ludów Wschodu. Indie, Chiny, Tybet,
		  Japonia},
  publisher =	 {Wydawnictwo Uniwersytetu Jagiellońskiego},
  address =	 {Kraków},
  year =	 2005,
  edition =	 {I},
  note =	 {Pod redakcją Philipa P.~Wienera. Tłum.~Maciej
		  Kanert, Wisława Szkudlarczyk-Brkić},
  series =	 {Ex Oriente},
}



@book{ ScrutonIntelektualisciNowejLewicy1999,
  author =	 {Roger Scruton},
  title =	 {Intelektualiści nowej lewicy},
  publisher =	 {Zysk i~S-ka},
  address =	 {Poznań},
  year =	 1999,
  edition =	 {II},
  note =	 {Tłum. Teresa Pisarek},
}










@Comment #############################################################
@Comment #############################################################
@Comment HISTORY OF PHILOSOPHY, BOOKS
@Comment #############################################################
@Comment #############################################################


@book{ CoplestonHistoriaFilozofiiTomI2004,
  author =	 {Frederick Copleston S.J.},
  title =	 {Historia filozofii. Tom~I: Grecja i~Rzym},
  publisher =	 {Instytut Wydawniczy PAX},
  address =	 {Warszawa},
  year =	 2004,
  edition =	 {II},
  volume =	 {I},
}



@book{ KolakowskiFilozofiaPozytywistyczna2009,
  author =	 {Leszek Kołakowski},
  title =	 {Filozofia pozytywistyczna},
  publisher =	 {Wydawnictwo Naukowe~PWN},
  address =	 {Warszawa},
  year =	 2009,
  edition =	 {IV},
}



@book{ KolakowskiOCoNasPytajaTomI2004,
  author =	 {Leszek Kołakowski},
  title =	 {O co nas pytają wielcy filozofowie. Seria~I},
  publisher =	 {Wydawnictwo Znak},
  address =	 {Kraków},
  year =	 2004,
  edition =	 {I},
}



@book{ KolakowskiOCoNasPytajaTomII2005,
  author =	 {Leszek Kołakowski},
  title =	 {O~co nas pytają wielcy filozofowie. Seria~II},
  publisher =	 {Wydawnictwo Znak},
  address =	 {Kraków},
  year =	 2005,
  edition =	 {I},
}



@book{ KolakowskiOCoNasPytajaTomIII2008,
  author =	 {Leszek Kołakowski},
  title =	 {O~co nas pytają wielcy filozofowie. Seria~III},
  publisher =	 {Wydawnictwo Znak},
  address =	 {Kraków},
  year =	 2008,
  edition =	 {I --~dodruk},
}



@book{ TatarkiewiczHistoriaFilozofiiTomIII2005,
  author =	 {Władysław Tatarkiewicz},
  title =	 {Historia filozofii. Tom~III: Filozofia XIX wieku
                  i~współczesna},
  publisher =	 {Wydawnictwo Naukowe~PWN},
  address =	 {Warszawa},
  year =	 2005,
  edition =	 {XIX},
  volume =	 {III},
}










@Comment #############################################################
@Comment #############################################################
@Comment PHILOSOPHY OF TECHNOLOGY, BOOKS
@Comment #############################################################
@Comment #############################################################


@book{ FalkowskiOMaszynachTomI2014,
  author =	 {Mateusz Falkowski},
  title =	 {O~maszynach. Tom 1: Wiek XVII a~filozofia
		  techniczna},
  publisher =	 {Wydawnictwo Naukowe PWN},
  address =	 {Warszawa},
  year =	 2014,
  edition =	 {I},
}










@Comment #############################################################
@Comment PHILOSOPHY AND OTHER DISCIPLINES
@Comment #############################################################










@Comment #############################################################
@Comment #############################################################
@Comment PHILOSOPHY HANDBOOKS, BOOKS
@Comment #############################################################
@Comment #############################################################


@book{ SchaffGlowneZagadnieniaIKierunkiFilozofiiTomITeoriaPoznania1962,
  author =	 {Adam Schaff},
  title =	 {Główne zagadnienia i~kierunki filozofii. Część I:
                  Teoria poznania},
  publisher =	 {Państwowe Wydawnictwo Naukowe},
  address =	 {Warszawa},
  year =	 1962,
  edition =	 {IV},
  series =	 {Wykłady na~Uniwersytecie Warszawskim 1957-1958},
}










@Comment #############################################################
@Comment #############################################################
@Comment VARIOUS PHILOSOPHICAL WORKS, BOOKS
@Comment #############################################################
@Comment #############################################################


@book{ PlessnerSmiechIPlacz2004,
  author =	 {Helmuth Plessner},
  title =	 {Śmiech i~płacz. Badania nad~granicami ludzkiego
                  zachowania},
  publisher =	 {Wydawnictwo Antyk},
  address =	 {Kęty},
  year =	 2004,
  edition =	 {I},
  note =	 {Przełożyli i~opracowali Agata Zwolińska, Zbigniew
                  Nerczuk},
  series =	 {FUNDAMENTA. Studia z~historii filozofii},
  volume =	 {XXXV},
}



@book{ TaylorEtykaAutentycznosci02,
  author =	 {Charles Taylor},
  title =	 {Etyka autentyczności},
  publisher =	 {Wydawnictwo Znak},
  address =	 {Kraków},
  year =	 2002,
  edition =	 {I},
}










@Comment #############################################################
@Comment #############################################################
@Comment OVERSIMPLIFIED WORKS ON PHILOSOPHY, BOOKS
@Comment #############################################################
@Comment #############################################################


@book{ JedynakUZrodelFilozofii1981,
  author =	 {Stanisław Jedynak},
  title =	 {U~źródeł filozofii. Egipt, Babilon, Indie, Chiny,
		  Grecja},
  publisher =	 {Nasza Księgarnia},
  address =	 {Warszawa},
  year =	 1981,
  edition =	 {I},
}
