@Comment #############################################################
@Comment #############################################################
@Comment Computer science, books
@Comment #############################################################
@Comment #############################################################



@Comment #############################################################
@Comment Algorithms
@Comment #############################################################


@book{ Cormen-et-al-Wprowadzenie-do-algorytmow-Pub-2022,
  author =	 {Thomas H.~Cormen and Charles E.~Leiserson and Ronald
                  L.~Rivest and Clifford Stein},
  title =	 {Wprowadzenie do algorytmów},
  publisher =	 {PWN},
  address =	 {Warszawa},
  year =	 2022,
  edition =	 {Wydanie VII (I w~PWN)~-- 13~dodruk},
  isbn = {},
  note =	 {Z~języka angielskiego tłumaczyli Krzysztof Diks,
                  Adam Malinowski, Daria Roszkowska, Wojciech Rytter},
}










@Comment #############################################################
@Comment Automata and formal languages theory
@Comment #############################################################


@book{ ForysForys-Teoria-automatow-i-jezykow-formalnych-Pub-2005,
  author =	 {Maria Foryś and Wit Foryś},
  title =	 {Teoria automatów i~języków formalnych},
  publisher =	 {Akademicka Oficyna Wydawnicza EXIT},
  address =	 {Warszawa},
  year =	 2005,
  edition =	 {I},
  series =	 {Problemy współczesnej nauki, teoria i~zastosowania.
                  Informatyka},
}



@book{ Hopcroft-Motwani-Ullman-Wprowdzenie-do-teori-automatow-ETC-Pub-2005,
  author =	 {J. E. Hopcroft, R. Motwani, J. D. Ullman},
  title =	 {Wprowadzenie do teorii automatów, języków
                  i~obliczeń},
  publisher =	 {Wydawnictwo Naukowe PWN},
  address =	 {{}},
  year =	 2005,
  edition =	 {II},
}










@Comment #############################################################
@Comment Compilators
@Comment #############################################################


@book{ Aho-Lam-Sethi-Ullman-Kompilatory-Pub-2019,
  author =	 {Alfred V. Aho and Monica S. Lam and Ravi Sethi and
                  Jeffrey D. Ullman},
  title =	 {Kompilatory. Reguły, metody, narzędzia},
  publisher =	 {Wydawnictwo Naukowe PWN SA},
  address =	 {Warszawa},
  year =	 2019,
  edition =	 {II (I~w~WN PWN)},
  isbn =	 {978-83-01-20381-8},
  note =	 {Przekład Marek Włodarz},
}










@Comment #############################################################
@Comment Computer graphics and animations
@Comment #############################################################


@book{ Parent-Animacja-komputerowa-Algorytmy-i-techniki-Pub-2012,
  author =	 {Rick Parent},
  title =	 {Animacja komputerowa. Algortymy i~techniki},
  publisher =	 {Wydawnictwo Naukowe PWN},
  address =	 {Warszawa},
  year =	 2012,
  isbn =	 {978-83-01-16669-4},
  note =	 {Tłumaczenie Przemysław Kiciak},
}










@Comment #############################################################
@Comment Computer science and mathematics
@Comment #############################################################


@book{ Rychlicki-Od-matematyki-do-programowania-Pub-2011,
  author =	 {Wiesław Rychlicki},
  title =	 {Od~matematyki do~programowania. Wszystko, co~każdy
		  programista wiedzieć powinien},
  publisher =	 {Helion},
  address =	 {Gliwice},
  year =	 2011,
  edition =	 {I},
  series =	 {Pascal, C i~C++ nie tylko dla~uczniów i~studentów},
}










@Comment #############################################################
@Comment Information theory
@Comment #############################################################


@book{ Seidler-Nauka-o-informacji-Vol-I-Pub-1983,
  author =	 {Jerzy Seidler},
  title =	 {Nauka ~informacji. Tom~I: Podstawy, model źródeł
                  i~wstępne przetwarzanie informacji},
  publisher =	 {Wydawnictwo Naukowo-Techniczne},
  address =	 {Warszawa},
  year =	 1983,
  edition =	 {I},
  series =	 {Podręczniki akademickie. Elektronika, informatyk,
                  telekomunikacja},
  isbn =	 {83-204-0493-2},
}










@Comment #############################################################
@Comment Operating systems
@Comment #############################################################


@book{ Tanenbaum-Systemy-operacyjne-Wydanie-III-Pub-2013,
  author =	 {Andrew S. Tanenbaum},
  title =	 {Systemy operacyjne. Wydanie III},
  publisher =	 {Helion},
  address =	 {Gliwice},
  year =	 2013,
  isbn =	 {978-83-246-7115-1},
  note =	 {Tłumaczenie: Radosław Meryk (rozdz.~1--8), Mikołaj
                  Szczepaniak (rozdz.~9--14)},
}










@Comment #########################################
@Comment UNIX operating systems
@Comment #########################################


@book{ Garfinkel-Weise-Strassmann-The-UNIX-HATERS-Handbook-Pub-1994,
  author =	 {Simson Garfinkel and Daniel Weise and Steven
                  Strassmann},
  title =	 {The~UNIX-HATERS Handbook},
  publisher =	 {IDG Books Worldwide, Inc.},
  address =	 {San Mateo, California, Indianapolis, Indiana,
                  Boston, Massachusetts},
  year =	 1994,
  isbn =	 {1-56884-203-1},
  note =	 {Illustrations by John Klossner},
  url =		 {https://web.mit.edu/~simsong/www/ugh.pdf},
}











@Comment ###############################
@Comment GNU/Linux operating system
@Comment ###############################


@book{ Garrels-Introduction-to-Linux-A-Hands-on-Guide-Ver-2008,
  author =	 {Machtelt Garrels},
  title =	 {Introduction to Linux~-- A~Hand on Guide},
  year =	 2008,
  isbn =	 {1596821124},
  url =		 {https://tldp.org/guides.html},
}



@book{ Ward-Jak-Dziala-Linux-Wydanie-II,
  author =	 {Brian Ward},
  title =	 {Jak działa Linux. Podręcznik administratora, wydanie~II},
  publisher =	 {Helion},
  address =	 {Gliwice},
  isbn = {},
  note =	 {Przekład: Janusz Machowski},
}










@Comment #########################################
@Comment Microsoft Windows operating system
@Comment #########################################


@book{ Lambert-Lambert-Windows-10-Krok-po-kroku-Pub-2016,
  author =	 {Joan Lambert, Steve Lambert},
  title =	 {Windows 10. Krop po kroku},
  publisher =	 {APN Promise},
  address =	 {Warszawa},
  year =	 2016,
  edition =	 {I},
  isbn = {},
  note =	 {Przekład: Janusz Machowski},
}










@Comment #############################################################
@Comment Operating systems shells
@Comment #############################################################


@Comment #########################################
@Comment BASH
@Comment #########################################


@book{ Kenlon-Morriss-Young-A-practical-guide-to-learning-awk-Ver-2025,
  author =	 {Seth Kenlon and Dave Morris and Robert Young},
  title =	 {A~practical guide to~learning \texttt{awk}},
  publisher =	 {Opensource.com},
  year =	 2025,
  url =		 {https://opensource.com/downloads/awk-ebook},
  urldate =	 {2025-04-02},
  note =	 {Contributors: Jim Hall, Lazarus Lazaridis, Dave
                  Neary, Moshe Zadka},
}










@Comment #############################################################
@Comment Programming languages
@Comment #############################################################


@Comment #########################################
@Comment C
@Comment #########################################


@book{ Kernighan-Ritchie-Jezyk-ANSI-C-Pub-2004,
  author =	 {Brian W. Kernighan and Dennis M. Ritchie},
  title =	 {Język ANSI~C},
  publisher =	 {Wydawnictwo Naukowo-Techniczne},
  address =	 {Warszawa},
  year =	 2004,
  edition =	 {IX},
  series =	 {Klasyka informatyki},
  isbn =	 {83-204-2979-X},
  note =	 {Z~angielskiego przełożyli Danuta i~Marek Kruszewscy},
}










@Comment #########################################
@Comment C++
@Comment #########################################


@book{ Horstmann-Wprowadzenie-do-Cpp-Pub-2021,
  author =	 {Cay Horstmann},
  title =	 {Wprowadzenie do~C++. Efektywne nauczenie},
  publisher =	 {Helion},
  address =	 {Gliwice},
  year =	 2021,
  edition =	 {III},
  note =	 {Przykład: Krzystof Bąbol},
}



@book{ Grebosz-Symfonia-Cpp-standard-Vol-I-Pub-2008,
  author =	 {Jerzy Gr{ę}bosz},
  title =	 {Symfonia C++ standard. Tom~I},
  publisher =	 {EDITION 2000},
  address =	 {Kraków},
  year =	 2008,
  edition =	 {III B -- rozszerzone i~poprawione},
  volume =	 {I},
}



@book{ Grebosz-Symfonia-Cpp-standard-Vol-II-Pub-2008,
  author =	 {Jerzy Gr{ę}bosz},
  title =	 {Symfonia C++ standard. Tom II},
  publisher =	 {EDITION 2000},
  address =	 {Kraków},
  year =	 2008,
  edition =	 {III B -- rozszerzone i~poprawione},
  volume =	 {I},
}










@Comment #########################################
@Comment Java programming language
@Comment #########################################


@book{ Eckel-Thinking-in-Java-Ed-polska-Wyd-III-Pub-2003,
  author =	 {Bruce Eckel},
  title =	 {Thinking in~Java. Edycja polska, wydanie~III},
  publisher =	 {Helion},
  address =	 {Gliwice},
  year =	 2003,
  edition =	 {III},
  isbn =	 {83-7361-133-9},
  note =	 {Tłum. Adrian Nowak, Łukasz Fryz, Szymon Kobalczyk},
}










@Comment #########################################
@Comment Julia
@Comment #########################################


@Comment ###############################
@Comment Julia packages ecosystem
@Comment ###############################


@book{ Decker-et-al-The-Computer-Algebra-ETC-Pub-2024,
  editor =	 {Wolfram Decker and Christian Eder and Claus
                  Fieker and Max Horn and Michael Joswig},
  title =	 {The {C}omputer {A}lgebra {S}ystem {OSCAR}:
                  {A}lgorithms and {E}xamples},
  year =	 2024,
  publisher =	 {Springer},
  series =	 {Algorithms and {C}omputation in {M}athematics},
}










@Comment #########################################
@Comment Python
@Comment #########################################


@book{ Matthes-Python-Instrukcja-dla-programisty-Wyd-III-Pub-2024,
  editor =	 {Eric Matthes},
  title =	 {Python. Instrukcja dla programisty. Wydanie~III},
  year =	 2024,
  publisher =	 {Helion},
    address =	 {Gliwice},
  isbn =	 {978-83-289-0430-9},
  note =	 {Przekład: Robert Górczyński},
}










@Comment #############################################################
@Comment Machine code, assembly languages, etc.
@Comment #############################################################


@book{ Hoey-Programowanie-w-asemblerze-x64-ETC-Pub-2024,
  author =	 {Jo Van Hoey},
  title =	 {Programowania w~asemblerze~x64. Od nowicjusza
                  do~znawcy~AVX},
  year =	 2024,
  publisher =	 {Helion S.A.},
  address =	 {Gliwice},
  isbn =	 {978-83-289-0109-4},
  note =	 {Przekład: Grzegorz Werner},
}










@Comment #############################################################
@Comment Network technology
@Comment #############################################################


@book{ Birch-Foundations-of-Network-Technology-Pub-2024,
  author =	 {Jonas Birch},
  title =	 {Foundations~of Network Technology},
  year =	 2024,
  edition =	 {I},
  isbn =	 {978-91-52-74980-6},
}










@Comment #############################################################
@Comment Software user's guide and books
@Comment #############################################################


@book{ Autodesk-Auto-CAD-Ver-2004-Users-Guide-Pub-2003,
  author =	 {Autodesk, Inc.},
  title =	 {AutoCAD User's Guide 2004},
  publisher =	 {Autodesk, Inc.},
  address =	 {Warszawa},
  year =	 2003,
  edition =	 {I},
}



@book{ Caelen-Blete-Tworzenie-aplikacji-z-wykorzystaniemi-ETC-Pub-2024,
  author =	 {Olivier Caelen and Marie-Alice Blete},
  title =	 {Tworzenie aplikacji z~wykorzystaniem GPT-4
                  i~ChatGPT. Buduje inteligentne chatboty, generatory
                  treści i~fascynujące projekty},
  publisher =	 {Helion, O'Reilly},
  address =	 {Gliwice},
  year =	 2024,
  edition =	 {I},
  isbn =	 {978-83-289-1044-7},
  note =	 {Tłum. Andrzej Watrak}
}



@book{ Petersen-Mastering-Emacs-Pub-2016,
  author =	 {Mickey Petersen},
  title =	 {Mastering Emacs},
  publisher =	 {https://www.masteringemacs.org/book},
  address =	 {{}},
  year =	 2016,
  edition =	 {II},
}







@Comment #############################################################
@Comment Testing
@Comment #############################################################


@book{ Osherove-Testy-Jednostkowe-Pub-2014,
  author =	 {Roy Osherove},
  title =	 {Testy jednostkowe. Świat niezawodnych aplikacji},
  publisher =	 {Helion},
  address =	 {Gliwice},
  year =	 2014,
  edition =	 {II},
  note =	 {Tłum. Radosław Meryk},
}










@Comment #############################################################
@Comment Theory of computation
@Comment #############################################################


@booklet{ Lamport-Computation-and-state-machines-Pub-2008,
  author =	 {Leslie Lamport},
  title =	 {Computation and State Machines},
  howpublished = {http://lamport.azurewebsites.net/pubs/state-machine.pdf},
  year =	 2008,
}



@book{ Feynman-Wyklady-o-obliczeniach-Pub-2007,
  author =	 {Richard P.~Feynman},
  title =	 {Wykłady o~obliczeniach},
  publisher =	 {Prószyński i~S-ka~SA},
  address =	 {Warszawa},
  year =	 2007,
  edition =	 {I},
  series =	 {Feynmana wykłady z~fizyki},
  isbn = {},
  note =	 {Przełożył Jerzy Łusakowski},
}
