@Comment #############################################################
@Comment #############################################################
@Comment Computer science. Netography
@Comment #############################################################
@Comment #############################################################



@Comment #############################################################
@Comment Recursion
@Comment #############################################################


@online{ -Ver-2024,
  author =	 {},
  title =	 {},
  year =	 2024,
  url =		 {},
  urldate =	 {2024-11-04},
}
