@Comment #############################################################
@Comment #############################################################
@Comment Computer science, netography
@Comment #############################################################
@Comment #############################################################


@Comment #############################################################
@Comment AI (Artificial Inteligence)
@Comment #############################################################


@online{ Friedman-LeCun-Mata-AI-Open-Source-ETC-Ver-2024,
  author =	 {Lex Friedman and Yann LeCun},
  title =	 {Round~3. Meta~AI, Open Source, Limits~of~LLMs, AGI
                  \&~the~Future~of AI},
  year =	 2024,
  url =		 {https://www.youtube.com/watch?v=5t1vTLU7s40},
  urldate =	 {25-VII-2024},
}



@online{ IBM-Technology-AI-Machine-Learning-Deep-Learning-ETC-Ver-2024,
  author =	 {IBM Technology},
  title =	 {AI, Machine Learning, Deep Learning and
                  Generative~AI Explained},
  year =	 2024,
  url =		 {https://www.youtube.com/watch?v=qYNweeDHiyU},
  urldate =	 {23-VIII-2024},
}



@online{ IBM-Technology-Machine-Learning-vs-Deep-Learning-vs-ETC-Ver-2023,
  author =	 {IBM Technology},
  title =	 {Machine Learning vs. Deep Learning vs. Foundation Models},
  year =	 2023,
  url =		 {https://www.youtube.com/watch?v=Beh13Cd_QbY},
  urldate =	 {23-VIII-2024},
}



@online{ IBM-Technology-What-is-Machine-Learning-Ver-2021,
  author =	 {IBM Technology},
  title =	 {What is~Machine Learning?},
  year =	 2021,
  url =		 {https://www.youtube.com/watch?v=9gGnTQTYNaE},
  urldate =	 {23-VIII-2024},
}



@online{ IBM-Technology-The-7-Types-of-AI-And-Why-We-Talk-ETC-Ver-2023,
  author =	 {IBM Technology},
  title =	 {The~7 Types~of AI~-- And Why We Talk (Mostly)
                  About~3~of Them},
  year =	 2023,
  url =		 {https://www.youtube.com/watch?v=XFZ-rQ8eeR8},
  urldate =	 {23-VIII-2024},
}



@online{ IBM-Technology-What-is-Machine-Learning-Ver-2021,
  author =	 {IBM Technology},
  title =	 {What is~Machine Learning?},
  year =	 2021,
  url =		 {https://www.youtube.com/watch?v=9gGnTQTYNaE},
  urldate =	 {23-VIII-2024},
}










@Comment ###############################
@Comment ML (Machine Learning)
@Comment ###############################


@online{ IBM-Technology-Ten-Everyday-Machine-Learning-Use-Cases-Ver-2023,
  author =	 {IBM Technology},
  title =	 {Ten Everyday Machine Learning Use Cases},
  year =	 2023,
  url =		 {https://www.youtube.com/watch?v=CiSaY2xl9V4},
  urldate =	 {23-VIII-2024},
}










@Comment ###############################
@Comment NLP (Natural Laguage Processing)
@Comment ###############################


@online{ AssemblyAI-Transformers-for-beginners-ETC-Ver-2021,
  author =	 {AssemblyAI},
  title =	 {Transformers for~beginners; What are they and how do
                  they work},
  year =	 2021,
  url =		 {https://www.youtube.com/watch?v=ZifynN2oyhs},
  urldate =	 {21-VIII-2024},
}



@online{ AssemblyAI-What-is-Natural-Language-Processing-Ver-2022,
  author =	 {AssemblyAI},
  title =	 {What is Natural Language Processing?},
  year =	 2022,
  url =		 {https://www.youtube.com/watch?v=ZifynN2oyhs},
  urldate =	 {21-VIII-2024},
}



@online{ IBM-Technology-NLP-vs-NLU-vs-NLG-Ver-2022,
  author =	 {IBM Technology},
  title =	 {NLP vs NLU vs NLG},
  year =	 2022,
  url =		 {https://www.youtube.com/watch?v=1I6bQ12VxV0},
  urldate =	 {21-VIII-2024},
}



@online{ IBM-Technology-What-is-NLP-ETC-Ver-2022,
  author =	 {IBM Technology},
  title =	 {What is NLP (Natural Language Processing)?},
  year =	 2022,
  url =		 {https://www.youtube.com/watch?v=fLvJ8VdHLA0},
  urldate =	 {21-VIII-2024},
}



@online{ IBM-Technology-What-is-Random-Forest-Ver-2022,
  author =	 {IBM Technology},
  title =	 {What is~Random Forest?},
  year =	 2022,
  url =		 {https://www.youtube.com/watch?v=gkXX4h3qYm4},
  urldate =	 {22-VIII-2024},
}










@Comment #####################
@Comment LLM (Large Language Models)
@Comment #####################


@online{ Dietterich-Whats-Wrong-with-Large-Language-Models-ETC-Ver-2024,
  author =	 {Thomas Dietterich},
  title =	 {What's Wrong with Large Language Models, and~What
                  Should Be Building Instead},
  year =	 2024,
  url =		 {https://www.youtube.com/watch?v=e8vg1vin78U},
  urldate =	 {13-VIII-2024},
}










@Comment #############################################################
@Comment Binary number system
@Comment #############################################################


@online{ Basics-Explained-H3Vtux-Why-Do-Computers-Use-ETC-Ver-2017,
  author =	 {Basics Explained, H3Vtux},
  title =	 {Why Do Computers Use~1s and~0s? Binary and
                  Transistors Explained},
  year =	 2017,
  url =		 {https://www.youtube.com/watch?v=rlaNMJeA1EA},
  urldate =	 {14-VIII-2024},
}

















@Comment #############################################################
@Comment Compilers
@Comment #############################################################








@Comment #############################################################
@Comment Computer science things in 100 seconds
@Comment #############################################################


@online{ Fireships-Expo-in-100-Seconds-Ver-2024,
  author =	 {Fireship},
  title =	 {Expo in~100 Seconds},
  year =	 2024,
  url =		 {https://www.youtube.com/watch?v=FJVFXsNzYZQ},
  urldate =	 {21-VIII-2024},
}



@online{ Fireships-Nix-in-100-Seconds-Ver-2024,
  author =	 {Fireship},
  title =	 {Nix in~100 Seconds},
  year =	 2024,
  url =		 {https://www.youtube.com/watch?v=FJVFXsNzYZQ},
  urldate =	 {21-VIII-2024},
}



@online{ Fireships-Tails-OS-in-100-Seconds-Ver-2023,
  author =	 {Fireship},
  title =	 {Tails~OS in~100 Seconds},
  year =	 2023,
  url =		 {https://www.youtube.com/watch?v=mVKAyw0xqxw},
  urldate =	 {21-VIII-2024},
}



































































@Comment #############################################################
@Comment Cybersecurity
@Comment #############################################################


@online{ Bagley-Computerphile-Pound-Crowdstruck-Windows-outage-Ver-2024,
  author =	 {Steve Bagley and Computerphile and Mike Pound},
  title =	 {Crowdstruck (Windows outage)},
  year =	 2024,
  url =		 {https://www.youtube.com/watch?v=rlaNMJeA1EA},
  urldate =	 {23-VII-2024},
}



@online{ Continous-Delivery-Softwares-HUGE-Impact-ETC-Ver-2024,
  author =	 {Continous Delivery},
  title =	 {Software's HUGE Impact On The World | Crowdstrike
                  Global IT Outage},
  year =	 2024,
  url =		 {https://www.youtube.com/watch?v=rlaNMJeA1EA},
  urldate =	 {26-VII-2024},
}



@online{ Daves-Garage-Critical-Windows-Exploit-What-You-Need-ETC-Ver-2024,
  author =	 {Dave's Garage},
  title =	 {Critical Windows Exploit: What You Need to Know,
                  Explained by~a~Windows Developer},
  year =	 2024,
  url =		 {https://www.youtube.com/watch?v=qhQRSUYnVG4},
  urldate =	 {21-VIII-2024},
}



@online{ Daves-Garage-CrowdStrike-It-Outage-Explained-ETC-Ver-2024,
  author =	 {Dave's Garage},
  title =	 {CrowdStrike~IT Outage Explained by~a~Windows
                  Developer},
  year =	 2024,
  url =		 {https://www.youtube.com/watch?v=wAzEJxOo1ts},
  urldate =	 {02-VIII-2024},
}



@online{ Low-Level-Learning-Malicious-JavaScript-injected-ETC-Ver-2024,
  author =	 {Low Level Learning},
  title =	 {Malicious JavaScript injected into 100,000 websites},
  year =	 2024,
  url =		 {https://www.youtube.com/watch?v=bbatLr98fEY},
  urldate =	 {03-VIII-2024},
}



@online{ Low-Level-Learning-How-a-simple-programming-ETC-Ver-2023,
  author =	 {Low Level Learning},
  title =	 {How a~simple programming mistake ended 6~lives},
  year =	 2023,
  url =		 {https://www.youtube.com/watch?v=41Gv-zzICIQ},
  urldate =	 {10-VIII-2024},
}



@online{ Low-Level-Learning-The-CrowdStrike-situation-is-wild-Ver-2024,
  author =	 {Low Level Learning},
  title =	 {The CrowStrike situation is~wild},
  year =	 2024,
  url =		 {https://www.youtube.com/watch?v=pCxvyIx922A},
  urldate =	 {26-VII-2024},
}



@online{ Low-Level-Learning-The-CrowdStrike-situation-is-wild-Ver-2024,
  author =	 {Low Level Learning},
  title =	 {The CrowStrike situation is~wild},
  year =	 2024,
  url =		 {https://www.youtube.com/watch?v=pCxvyIx922A},
  urldate =	 {26-VII-2024},
}



@online{ Low-Level-Learning-The-game-industry-is-next-Ver-2024,
  author =	 {Low Level Learning},
  title =	 {The games industry is~next},
  year =	 2024,
  url =		 {https://www.youtube.com/watch?v=3JhKU_ujlhs},
  urldate =	 {01-VIII-2024},
}



@online{ Low-Level-Learning-The-new-PS4-jailbreak-ETC-Ver-2024,
  author =	 {Low Level Learning},
  title =	 {The~new PS4 jailbreak is~sort~of hilarious},
  year =	 2024,
  url =		 {https://www.youtube.com/watch?v=7OwdCc81zHo},
  urldate =	 {13-VII-2024},
}



@online{ The-PC-Security-Channel-When-an-antivirus-ETC-Ver-2024,
  author =	 {The~PC Security Channel},
  title =	 {CrowdStrike: When an antivirus update took down
                  the~world},
  year =	 2024,
  url =		 {https://www.youtube.com/watch?v=XMv35syos3M},
  urldate =	 {14-VII-2024},
}










@Comment #############################################################
@Comment Functional programing
@Comment #############################################################


@online{ Computerphile-Parsing-Ver-2019,
  author =	 {Computerphile},
  title =	 {Parsing},
  year =	 2019,
  url =		 {https://www.youtube.com/watch?v=r6vNthpQtSI},
  urldate =	 {29-VII-2024},
}










@Comment #############################################################
@Comment General materials about computer science
@Comment #############################################################




@online{ Brailsford-Computerphile-Where-did-Bytes-Come-From-ETC-Ver-2018,
  author =	 {David Brailsford and Computerphile},
  title =	 {Where did Bytes Come From?},
  year =	 2018,
  url =		 {https://www.youtube.com/watch?v=ixJCo0cyAuA},
  urldate =	 {22-VIII-2024},
}



@online{ Brailsford-Computerphile-Why-Use-Binary-Ver-2015,
  author =	 {David Brailsford and Computerphile},
  title =	 {Why Use Binary?},
  year =	 2015,
  url =		 {https://www.youtube.com/watch?v=thrx3SBEpL8},
  urldate =	 {22-VIII-2024},
}



@online{ Scott-C-programming-is-still-ETC-Ver-2024,
  author =	 {Arielle Scott},
  title =	 {C~programmin is~still running the~world},
  year =	 2024,
  url =
                  {https://wideinfo.org/c-programming-is-still-running-the-world/},
  urldate =	 {23-VII-2024},
  note =	 {Wide Info}
}























@Comment #############################################################
@Comment Introduction to computer science
@Comment #############################################################


@online{ ,
  author =	 {Cliff Click},
  title =	 {Everything your mother should know about compilers},
  year =	 2016,
  url =		 {https://www.youtube.com/watch?v=oERlVYfLTn8},
  urldate =	 {13-III-2024},
}













@Comment #############################################################
@Comment Machine code, assembly language, etc.
@Comment #############################################################


@online{ Anonymous-Hello-World-in-x86-Assembly-Language,
  author =	 {Anonymous},
  title =	 {"Hello, World!" in x86 Assembly Language},
  url =
                  {https://montcs.bloomu.edu/Information/LowLevel/Assembly/hello-asm.html},
  urldate =	 {12-VII-2024},
}



@online{ Click-Everything-your-mother-ETC-Ver-2016,
  author =	 {Cliff Click},
  title =	 {Everything your mother should know about compilers},
  year =	 2016,
  url =		 {https://www.youtube.com/watch?v=oERlVYfLTn8},
  urldate =	 {13-III-2024},
}



@online{ Computerphile-Godbolt-Machine-Code-Explained-Ver-2024,
  author =	 {Computerphile and Matt Godbolt},
  title =	 {Machine Code Explained},
  year =	 2024,
  url =		 {https://www.youtube.com/watch?v=8VsiYWW9r48},
  urldate =	 {27-VII-2024},
}



@online{ Computerphile-Godbolt-EXTRA-BITS-Machine-Code-Ver-2024,
  author =	 {Computerphile and Matt Godbolt},
  title =	 {EXTRA BITS~-- Machine Code},
  year =	 2024,
  url =		 {https://www.youtube.com/watch?v=9gXeS8BoLmE},
  urldate =	 {28-VII-2024},
}



@online{ Creel-Assembly-Language-Misconceptions-Ver-2020,
  author =	 {Creel},
  title =	 {Assembly Language Misconceptions},
  year =	 2020,
  url =		 {https://www.youtube.com/watch?v=8_0tbkbSGRE},
  urldate =	 {11-VIII-2024},
}



@online{ Creel-Branchless-Programming-ETC-Ver-2020,
  author =	 {Creel},
  title =	 {Branchless Programming: Why "If" is Sloowww\ldots
                  and what we can do about it!},
  year =	 2020,
  url =		 {https://www.youtube.com/watch?v=bVJ-mWWL7cE},
  urldate =	 {12-VIII-2024},
}



@online{ Crunch-What-is-an-Assembler-ETC-Ver-2016,
  author =	 {Dani Crunch},
  title =	 {What is an Assembler?~-- An introduction to
                  Assembly/Assembler},
  year =	 2024,
  url =		 {https://www.youtube.com/watch?v=yAdt5NGZwCk},
  urldate =	 {01-VII-2024},
}



@online{ Eater-Comparing-C-to-machine-language-Ver-2015,
  author =	 {Ben Eater},
  title =	 {Comparing~C to~machine language},
  year =	 2015,
  url =		 {https://www.youtube.com/watch?v=yOyaJXpAYZQ},
  urldate =	 {26-VII-2024},
}



@online{ Fireship-Assembly-Language-in-100-Seconds-Ver-2022,
  author =	 {Fireship},
  title =	 {Assembly Language in 100 Seconds},
  year =	 2022,
  url =		 {https://www.youtube.com/watch?v=4gwYkEK0gOk},
  urldate =	 {02-VII-2024},
}



@online{ Frame-of-Essence-How-do-computers-read-code-Ver-2017,
  author =	 {Frame~of Essence},
  title =	 {How do computers read code?},
  year =	 2017,
  url =		 {https://www.youtube.com/watch?v=QXjU9qTsYCc},
  urldate =	 {28-VII-2024},
}



@online{ Godbolt-Computerphile-Machine-Code-Explained-Ver-2024,
  author =	 {Matt Godbolt and Computerphile},
  title =	 {Machine Code Explained},
  year =	 2024,
  url =		 {https://www.youtube.com/watch?v=8VsiYWW9r48},
  urldate =	 {10-VII-2024},
}



@online{ Jones-Machine-Code-Instructions-Ver-2013,
  author =	 {John Philip Jones},
  title =	 {Machine Code Instructions},
  year =	 2013,
  url =		 {https://www.youtube.com/watch?v=Mv2XQgpbTNE},
  urldate =	 {28-VII-2024},
}



@online{ Lichtman-Making-ARM--Assembly-Hello-World-Porgram-ETC-Ver-2023,
  author =	 {Nir Lichtman},
  title =	 {Making ARM Assembly "Hello World" Program in~2~Minutes},
  year =	 2023,
  url =		 {https://www.youtube.com/watch?v=lw_Lnyhvy-c},
  urldate =	 {03-VIII-2024},
}



@online{ Low-Level-Learning-You-Can-Learn-ARM-ETC-Ver-2020,
  author =	 {Low Level Learning},
  title =	 {You Can Learn ARM Assembly Language in~15 Minutes |
                  ARM Hello World Tutorial},
  year =	 2020,
  url =		 {https://www.youtube.com/watch?v=FV6P5eRmMh8},
  urldate =	 {02-VIII-2024},
}



@online{ Low-Level-Learning-You-Can-Learn-AArch64-ETC-Ver-2020,
  author =	 {Low Level Learning},
  title =	 {You Can Learn AArch64 Assembly in~10 Minutes |
                  AArch64 Hello World Tutorial},
  year =	 2020,
  url =		 {https://www.youtube.com/watch?v=8NdrdxkBP3U},
  urldate =	 {18-VIII-2024},
}



@online{ Ricks-Tech-and-Language-Channel-Why-Learn-Assemlby-ETC-Ver-2023,
  author =	 {Rick's Tech \& Language Channel},
  title =	 {Why Learn Assembly Language Programming?},
  year =	 2023,
  url =		 {https://www.youtube.com/watch?v=w4I-TKKGACg},
  urldate =	 {13-VIII-2024},
}










@Comment #############################################################
@Comment Netwide Assembly (NASM)
@Comment #############################################################


@online{ Toal-NASM-Tutorial-Ver-2024,
  author =	 {Ray Toal},
  title =	 {NASM Tutorial},
  url =		 {https://cs.lmu.edu/~ray/notes/nasmtutorial/},
  urldate =	 {18-VIII-2024},
}










@Comment #############################################################
@Comment Operating systems shells
@Comment #############################################################


@Comment ###############################
@Comment BASH
@Comment ###############################


@online{ Aboukhalil-You-dont-know-bash-An-introduction-ETC-Ver-2018,
  author =	 {Robert Aboukhalil},
  title =	 {You don't know Bash: An~introduction to~Bash arrays},
  year =	 {2018},
  url =
                  {https://opensource.com/article/18/5/you-dont-know-bash-intro-bash-arrays},
  urldate =	 {06-IV-2024},
}



@online{ Both-How-to-program-with-Bash-Syntax-and-tools-Ver-2019,
  author =	 {David Both},
  title =	 {How to program with Bash: Syntax and~tools},
  year =	 {2019},
  url =		 {https://opensource.com/article/19/10/programming-bash-syntax-tools},
  urldate =	 {24-III-2024},
}



@online{ Linuxize-BASH-Functions-Ver-2020,
  author =	 {Linuxize},
  title =	 {Bash Functions},
  year =	 2020,
  url =		 {https://linuxize.com/post/bash-functions/},
  urldate =	 {23-V-2024},
}



@online{ Orr-Bash-Prompt-HOWTO-Ver-2003,
  author =	 {Giles Orr},
  title =	 {Bash Prompt HOWTO},
  year =	 {2003},
  url =		 {https://tldp.org/HOWTO/Bash-Prompt-HOWTO/index.html},
  urldate =	 {6-V-2024},
}



@online{ Pankaj-Grep-command-in-Linux-Unix-Ver-2022,
  author =	 {Pankaj},
  title =	 {Grep command in~Linux/Unix},
  year =	 2022,
  url =
                  {https://www.digitalocean.com/community/tutorials/grep-command-in-linux-unix},
  urldate =	 {13-III-2024},
}



@online{ Pankaj-Linux-ps-command-ETC-Ver-2022,
  author =	 {Pankaj},
  title =	 {Linux \texttt{ps} command~-- 20 Real life examples},
  year =	 2022,
  url =
                  {https://www.digitalocean.com/community/tutorials/linux-ps-command},
  urldate =	 {02-IV-2024},
}



@online{ Pavroo-Porady-Admina-kill-Ver-2023,
  author =	 {Pavroo},
  title =	 {Porady Admina: kill},
  year =	 {2023},
  url =		 {https://linuxiarze.pl/porady-admina-procps-kill/},
  urldate =	 {21-III-2024},
}



@online{ Ramuglia-How-to-kill-processes-in-Linux-ETC-Ver-2023,
  author =	 {Gabriel Ramuglia},
  title =	 {How to Kill Processes in Linux~| 'kill' Command
                  Guide},
  year =	 {2023},
  url =		 {https://ioflood.com/blog/kill-linux-command/},
  urldate =	 {02-IV-2024},
}



@online{ Chadwick-Bash-Scripting-Tutorialt-5-If-Statements,
  author =	 {Ryan Chadwick},
  title =	 {Bash Scripting Tutorial~-- 5.~If~Statements},
  url =
                  {https://ryanstutorials.net/bash-scripting-tutorial/bash-if-statements.php},
  urldate =	 {06-IV-2024},
}



@online{ Chadwick-Bash-Scripting-Tutorial-6-Loops,
  author =	 {Ryan Chadwick},
  title =	 {Bash Scripting Tutorial~-- 6.~Loops},
  url =
                  {https://ryanstutorials.net/bash-scripting-tutorial/bash-loops.php},
  urldate =	 {15-IV-2024},
}


@online{ ,
  author =	 {Artemy Kolchinsky and Brendan D.~Tracey},
  title =	 {Estimating Mixture Entropy with Pairwise Distances},
  journal =	 {Entropy},
  volume =	 {19},
  year =	 {2017},
  number =	 {7},
  article-number ={361},
  doi =		 {10.3390/e19070361},
  url =		 {https://www.mdpi.com/1099-4300/19/7/361},
  urldate =	 {},
}










@Comment #############################################################
@Comment Packages ecosystems
@Comment #############################################################













@Comment #############################################################
@Comment TeX and LaTeX
@Comment #############################################################


@online{ LaTeX-Mathematical-Symbols,
  author =	 {Unknow},
  title =	 {\LaTeX{} Mathematical Symbols},
  url =
                  {https://www.cmor-faculty.rice.edu/~heinken/latex/symbols.pdf},
  urldate =	 {06-VII-2024},
}










@Comment ###############################
@Comment LaTeX packages ecosystem
@Comment ###############################


@online{ The-Beamer-class-Use-Gudie-for-version-3-71,
  author =	 {Till Tantau and Joseph Wright and Vedran Miletić},
  title =	 {The BEAMER class. User Gudie for~3.71},
  url =
                  {https://tug.ctan.org/macros/latex/contrib/beamer/doc/beameruserguide.pdf},
  urldate =	 {16-V-2024},
}










@Comment #############################################################
@Comment Toolchains
@Comment #############################################################


@Comment ###############################
@Comment GNU make
@Comment ###############################


@online{ Maxwell-A-Simple-Makefile-Tutorial,
  author =	 {Bruce A. Maxwell},
  title =	 {A~Simple Makefile Tutorial},
  url =
                  {https://www.cs.colby.edu/maxwell/courses/tutorials/maketutor/},
  urldate =	 {07-V-2024},
}



@online{ Patil-What-is-a-Makefile-and-ETC-2018,
  author =	 {Sachin Patil},
  title =	 {What is a~Makefile and how does it work?},
  url =
                  {https://opensource.com/article/18/8/what-how-makefile},
  urldate =	 {07-V-2024},
}



























@Comment #############################################################
@Comment Hard to classify
@Comment #############################################################


@online{ Kenlon-A-practical-guide-to-learning-awk-2020,
  author =	 {Seth Kenlon},
  title =	 {A~practical guide to learn awk},
  url =		 {https://opensource.com/article/20/9/awk-ebook},
  urldate =	 {28-V-2024},
}
