@Comment #############################################################
@Comment #############################################################
@Comment Computer science and mathematics. Netography
@Comment #############################################################
@Comment #############################################################



@Comment #############################################################
@Comment Category theory in computer science
@Comment #############################################################


@online{ Sfregola-A-pragmatic-introduction-to-category-theory-Ver-2017,
  author =	 {Daniela Sfregola},
  title =	 {A~pragmatic introduction to category theory},
  year =	 2017,
  url =		 {https://www.youtube.com/watch?v=Ss149MsZluI},
  urldate =	 {2024-07-12},
}



@online{ Wadler-Categor-theory-for-the-working-hacker-Ver-2016,
  author =	 {Philip Wadler},
  title =	 {Category theory for the working hacker},
  year =	 2016,
  url =		 {https://www.youtube.com/watch?v=V10hzjgoklA},
  urldate =	 {2024-07-18},
}










@Comment #############################################################
@Comment Lambda calculus
@Comment #############################################################


@online{ Hutton-Computerphile-Lambda-calculus-Ver-2017,
  author =	 {Computerphile and Graham Hutton},
  title =	 {Lambda calculus},
  year =	 2017,
  url =		 {https://www.youtube.com/watch?v=eis11j_iGMs},
  urldate =	 {2024-07-16},
}



@online{ -ETC-2016,
  author =	 {},
  title =	 {},
  year =	 2024,
  url =		 {https://www.youtube.com/watch?v=yAdt5NGZwCk},
  urldate =	 {},
}







@online{ -Code-Explained-2024,
  author =	 {},
  title =	 {},
  year =	 2024,
  url =		 {https://www.youtube.com/watch?v=8VsiYWW9r48},
  urldate =	 {},
}










@Comment #############################################################
@Comment
@Comment #############################################################


@Comment ###############################
@Comment
@Comment ###############################


@online{ -ETC-2018,
  author =	 {},
  title =	 {},
  year =	 {2018},
  url =
                  {https://opensource.com/article/18/5/you-dont-know-bash-intro-bash-arrays},
  urldate =	 {},
}



@online{ -and-tools-2019,
  author =	 {},
  title =	 {},
  year =	 {2019},
  url =		 {https://opensource.com/article/19/10/programming-bash-syntax-tools},
  urldate =	 {},
}



@online{ -2020,
  author =	 {},
  title =	 {},
  year =	 {2020},
  url =		 {https://linuxize.com/post/bash-functions/},
  urldate =	 {},
}



@online{ -HOWTO-2003,
  author =	 {},
  title =	 {},
  year =	 {2003},
  url =		 {https://tldp.org/HOWTO/Bash-Prompt-HOWTO/index.html},
  urldate =	 {},
}



@online{ -Linux-Unix-2022,
  author =	 {},
  title =	 {},
  year =	 2022,
  url =
                  {https://www.digitalocean.com/community/tutorials/grep-command-in-linux-unix},
  urldate =	 {},
}



@online{ -command-ETC-2022,
  author =	 {},
  title =	 {},
  year =	 2022,
  url =
                  {https://www.digitalocean.com/community/tutorials/linux-ps-command},
  urldate =	 {},
}



@online{ -kill-2023,
  author =	 {},
  title =	 {},
  year =	 {2023},
  url =		 {https://linuxiarze.pl/porady-admina-procps-kill/},
  urldate =	 {},
}










@Comment #############################################################
@Comment
@Comment #############################################################


@online{ -ETC-2018,
  author =	 {},
  title =	 {},
  url =
                  {https://opensource.com/article/18/8/what-how-makefile},
  urldate =	 {},
}



@online{ -ETC-2023,
  author =	 {},
  title =	 {},
  year =	 {2023},
  url =		 {https://ioflood.com/blog/kill-linux-command/},
  urldate =	 {},
}



@online{ -5-If-Statements,
  author =	 {},
  title =	 {},
  url =
                  {https://ryanstutorials.net/bash-scripting-tutorial/bash-if-statements.php},
  urldate =	 {},
}
