@Comment #############################################################
@Comment #############################################################
@Comment Computer science community. Netography
@Comment #############################################################
@Comment #############################################################



@Comment #############################################################
@Comment 2024 year
@Comment #############################################################


@online{ Fireship-Sketchy-Stanford-study-says-ETC-Ver-2020,n
  author =	 {Fireship},
  title =	 {Sketchy Stanford study says 9.5\%~of programmers are
                  "ghosts"\ldots},
  year =	 2024,
  url =		 {https://www.youtube.com/watch?v=KBdniMP3vac},
  urldate =	 {2024-12-03},
}



@online{ Film-Stop-Why-is-Blender-in-Financial-Trouble-Ver-2024,
  author =	 {Film Stop},
  title =	 {Why is~Blender in Financial Trouble?},
  year =	 2024,
  url =		 {https://www.youtube.com/watch?v=D1FcYknxEY0},
  urldate =	 {2024-12-31},
}










@Comment #############################################################
@Comment 2025 year
@Comment #############################################################


@online{ Fireship-The-amazing-but-unsettling-future-ETC-Ver-2025,
  author =	 {Fireship},
  title =	 {The~amazing, but unsettling future~of technology\ldots},
  year =	 2025,
  url =		 {https://www.youtube.com/watch?v=v4H2fTgHGuc},
  urldate =	 {2025-02-09},
}










@Comment #############################################################
@Comment The Lunduke Journal
@Comment #############################################################


@Comment #########################################
@Comment 2024 year
@Comment #########################################


@online{ The-Lunduke-Journal-43-percent-of-Left-wing-nerds-ETC-Ver-2024,
  author =	 {The~Lunduke Journal},
  title =	 {43\%~of Left-wing nerds support the~ban~of opposing
                  political ideas},
  year =	 2024,
  url =		 {https://www.youtube.com/watch?v=esMBJMiSJ7Q},
  urldate =	 {2025-04-26},
}



@online{ The-Lunduke-Journal-70-percent-of-Left-wing-nerds-ETC-Ver-2024,
  author =	 {The~Lunduke Journal},
  title =	 {70\%~of companies on the~Linux Foundation Board
                  are~GPL violators},
  year =	 2024,
  url =		 {https://www.youtube.com/watch?v=hzNy_Si_0cQ},
  urldate =	 {2025-05-24},
}



@online{ The-Lunduke-Journal-AI-Slop-Bug-Reports-Hurting-ETC-Ver-2024,
  author =	 {The~Lunduke Journal},
  title =	 {AI~"Slop" Bug Reports Hurting Python, Curl, \&~Other
                  Open Source Projects},
  year =	 2024,
  url =		 {https://www.youtube.com/watch?v=IRt6LzfX0B8},
  urldate =	 {2025-05-16},
}



@online{ The-Lunduke-Journal-Apple-Removes-Ability-to-Run-ETC-Ver-2024,
  author =	 {The~Lunduke Journal},
  title =	 {Apple Removes Ability to~Run Unsigned Apps in~macOS 15.1},
  year =	 2024,
  url =		 {https://www.youtube.com/watch?v=sT_ePyytBtc},
  urldate =	 {2025-05-11},
}



@online{ The-Lunduke-Journal-Are-the-Woke-Attacks-on-Tech-ETC-Ver-2024,
  author =	 {The~Lunduke Journal},
  title =	 {Are the~Woke Attacks on~Tech Permanent\ldots{} or a~Fad?},
  year =	 2024,
  url =		 {https://www.youtube.com/watch?v=MRAyZH-PfCc},
  urldate =	 {2025-05-18},
}



@online{ The-Lunduke-Journal-Banned-Cpp-Contributor-Speaks-Out-Ver-2024,
  author =	 {The~Lunduke Journal},
  title =	 {Banned C++~Contributor Speaks Out},
  year =	 2024,
  url =		 {https://www.youtube.com/watch?v=SLPVo6tsFXo},
  urldate =	 {2025-04-09},
}



@online{ The-Lunduke-Journal-Bluesky-Bans-Lunduke-For-Having-ETC-Ver-2024,
  author =	 {The~Lunduke Journal},
  title =	 {Bluesky Bans Lunduke For~Having Common Views},
  year =	 2024,
  url =		 {https://www.youtube.com/watch?v=QJ0g9Ed_rFI},
  urldate =	 {2025-04-18},
}



@online{ The-Lunduke-Journal-Connecting-the-Dots-What-the-ETC-Ver-2024,
  author =	 {The~Lunduke Journal},
  title =	 {Connecting the Dots: What the~Heck is~Happening
                  at~Mozilla?},
  year =	 2024,
  url =		 {https://www.youtube.com/watch?v=db225xgSNZs},
  urldate =	 {2025-04-17},
}



@online{ The-Lunduke-Journal-Cpp-Standards-Contributor-ETC-Ver-2024,
  author =	 {The~Lunduke Journal},
  title =	 {C++ Standards Contributor Banned For Using Word
                  "Question"},
  year =	 2024,
  url =		 {https://www.youtube.com/watch?v=Ebz4ev_B2ec},
  urldate =	 {2025-04-09},
}



@online{ The-Lunduke-Journal-Dead-Internet-Theory-is-ETC-Ver-2024,
  author =	 {The~Lunduke Journal},
  title =	 {Dead Internet Theory is~Facebook's New Buisness Model},
  year =	 2024,
  url =		 {https://www.youtube.com/watch?v=gz_ywWRqqcE},
  urldate =	 {2025-06-24},
}



@online{ The-Lunduke-Journal-Debian-Linux-Doesnt-Want-ETC-Ver-2024,
  author =	 {The~Lunduke Journal},
  title =	 {Debian Linux Doesn't Want Straight White Men},
  year =	 2024,
  url =		 {https://www.youtube.com/watch?v=vH1qk_31dHc},
  urldate =	 {2025-04-21},
}



@online{ The-Lunduke-Journal-Deno-v-Oracle-JavaScript-ETC-Ver-2024,
  author =	 {The~Lunduke Journal},
  title =	 {Deno v.~Oracle: JavaScript Trademark Dispute},
  year =	 2024,
  url =		 {https://www.youtube.com/watch?v=Gn8bf8aMRhU},
  urldate =	 {2025-04-12},
}



@online{ The-Lunduke-Journal-Four-Months-After-The-NixOS-ETC-Ver-2024,
  author =	 {The~Lunduke Journal},
  title =	 {Four Months After The~NixOS "Nazi Purge"},
  year =	 2024,
  url =		 {https://www.youtube.com/watch?v=QqKpuSLnm4k},
  urldate =	 {2025-02-04},
}



@online{ The-Lunduke-Journal-GIMP-3-point-0-RC-Released-Ver-2024,
  author =	 {The~Lunduke Journal},
  title =	 {GIMP~3.0 RC Released!},
  year =	 2025,
  url =		 {https://www.youtube.com/watch?v=VEcGst7burA},
  urldate =	 {2025-01-22},
}



@online{ The-Lunduke-Journal-GNOME-bans-Manjaro-Core-Team-ETC-Ver-2024,
  author =	 {The~Lunduke Journal},
  title =	 {GNOME bans Manjaro Core Team Member for uttering
                  "Lunduke"},
  year =	 2024,
  url =		 {https://www.youtube.com/watch?v=HZ64k2BXAjs},
  urldate =	 {2025-05-15},
}



@online{ The-Lunduke-Journal-GNOME-KDE-Team-Up-on-Paid-ETC-Ver-2024,
  author =	 {The~Lunduke Journal},
  title =	 {GNOME \&~KDE Team Up on Paid Flathub Software Store},
  year =	 2024,
  url =		 {https://www.youtube.com/watch?v=o8jlKmxKyv8},
  urldate =	 {2025-01-23},
}



@online{ The-Lunduke-Journal-Godot-Game-Engine-Enacts-Mass-ETC-Ver-2024,
  author =	 {The~Lunduke Journal},
  title =	 {Godot Game Engine Enacts Mass "Cleansing"~of
                  Non-Woke Supporters},
  year =	 2024,
  url =		 {https://www.youtube.com/watch?v=pcsthPsTxnA},
  urldate =	 {2025-02-20},
}



@online{ The-Lunduke-Journal-Google-Accuses-Microsoft-ETC-Ver-2024,
  author =	 {The~Lunduke Journal},
  title =	 {Google Accuses Microsoft~of "Dark Patterns"
                  with~Edge Browser on~Windows},
  year =	 2024,
  url =		 {https://www.youtube.com/watch?v=bYglmuAgwiI},
  urldate =	 {2025-04-19},
}



@online{ The-Lunduke-Journal-How-much-RAM-will-you-need-in-ETC-Ver-2024,
  author =	 {The~Lunduke Journal},
  title =	 {How much RAM will you need in 5~years?},
  year =	 2024,
  url =		 {https://www.youtube.com/watch?v=ZuqaJANMKOQ},
  urldate =	 {2025-05-24},
}



@online{ The-Lunduke-Journal-I-criticized-System76s-ETC-Ver-2024,
  author =	 {The~Lunduke Journal},
  title =	 {I~criticized System76's Cosmic for~recreating GNOME.
                  I~was wrong.},
  year =	 2024,
  url =		 {https://www.youtube.com/watch?v=ODcdhJW9rD0},
  urldate =	 {2025-05-03},
}



@online{ The-Lunduke-Journal-Is-AI-Programming-Really-ETC-Ver-2024,
  author =	 {The~Lunduke Journal},
  title =	 {Is~A.I. Programming Really the~Future?},
  year =	 2024,
  url =		 {https://www.youtube.com/watch?v=13SdEpwUEAw},
  urldate =	 {2025-05-24},
}



@online{ The-Lunduke-Journal-Is-the-GNOME-Foundation-Going-ETC-Ver-2024,
  author =	 {The~Lunduke Journal},
  title =	 {Is~the~GNOME Foundation Going to Go~Bankrupt in~1 Year?},
  year =	 2024,
  url =		 {https://www.youtube.com/watch?v=FSRlDFX2xIQ},
  urldate =	 {2025-05-27},
}



@online{ The-Lunduke-Journal-Inclusivity-Activists-are-ETC-Ver-2024,
  author =	 {The~Lunduke Journal},
  title =	 {Inclusivity Activists are Destroying Open Source},
  year =	 2024,
  url =		 {https://www.youtube.com/watch?v=fhttDZ99aiA},
  urldate =	 {2025-04-07},
}



@online{ The-Lunduke-Journal-Linux-Code-of-Conduct-Board-ETC-Ver-2024,
  author =	 {The~Lunduke Journal},
  title =	 {Linux Code~of Conduct Board Officialy Bans
                  Developer~for "Insufficient" Groveling},
  year =	 2024,
  url =		 {https://www.youtube.com/watch?v=EeEo8Mg6fMg},
  urldate =	 {2025-04-17},
}



@online{ The-Lunduke-Journal-Leaked-documents-from-Disneys-ETC-Ver-2024,
  author =	 {The~Lunduke Journal},
  title =	 {Leaked documents from Disney's Club Penguin (Over
                  800~MB)},
  year =	 2024,
  url =		 {https://www.youtube.com/watch?v=S-xqNKHEd4M},
  urldate =	 {2025-04-12},
}



@online{ The-Lunduke-Journal-Mozilla-Bets-the-Future-of-ETC-Ver-2024,
  author =	 {The~Lunduke Journal},
  title =	 {Mozilla Bets the~Future~of the~Web is~A.I. Generated
                  Content},
  year =	 2024,
  url =		 {https://www.youtube.com/watch?v=Y-QiohRRSq0},
  urldate =	 {2025-05-28},
}



@online{ The-Lunduke-Journal-Mozilla-Lawsuit-from-Former-ETC-Ver-2024,
  author =	 {The~Lunduke Journal},
  title =	 {Mozilla Lawsuit from Former Executive Gets Jury
                  Trial Date},
  year =	 2024,
  url =		 {https://www.youtube.com/watch?v=h0CaAEDmJvg},
  urldate =	 {2025-04-19},
}



@online{ The-Lunduke-Journal-NixOS-commits-purge-of-Nazi-ETC-Ver-2024,
  author =	 {The~Lunduke Journal},
  title =	 {NixOS commits "purge"~of "Nazi" contributors, forces
                  abdication~of founder},
  year =	 2024,
  url =		 {https://www.youtube.com/watch?v=KsDYul3J3Dc},
  urldate =	 {2025-05-04},
}



@online{ The-Lunduke-Journal-No-You-Dont-Need-Telemetry-ETC-Ver-2024,
  author =	 {The~Lunduke Journal},
  title =	 {No, You Don't Need Telemetry Data to Make Software},
  year =	 2024,
  url =		 {https://www.youtube.com/watch?v=enIcn9yaTos},
  urldate =	 {2025-05-16},
}



@online{ The-Lunduke-Journal-Official-GNOME-Policy-Link-to-ETC-Ver-2024,
  author =	 {The~Lunduke Journal},
  title =	 {Official GNOME Policy: Link to~Lunduke, Get Banned},
  year =	 2024,
  url =		 {https://www.youtube.com/watch?v=kEr6nO5G2Cg},
  urldate =	 {2025-04-25},
}



@online{ The-Lunduke-Journal-Open-Source-is-Not-Inclusive-Ver-2024,
  author =	 {The~Lunduke Journal},
  title =	 {Open Source is~Not Inclusive},
  year =	 2024,
  url =		 {https://www.youtube.com/watch?v=oH6-3ApRG00},
  urldate =	 {2025-04-26},
}



@online{ The-Lunduke-Journal-openSUSE-Unable-to-Find-Board-ETC-Ver-2024,
  author =	 {The~Lunduke Journal},
  title =	 {openSUSE Unable to~Find Board Candidates After
                  Banning Conservatives},
  year =	 2024,
  url =		 {https://www.youtube.com/watch?v=e4ZKtKGiNq8},
  urldate =	 {2024-12-24},
}



@online{ The-Lunduke-Journal-Procreate-Dev-I-really-BEEPing-ETC-Ver-2024,
  author =	 {The~Lunduke Journal},
  title =	 {Procreate Dev: "I~really BEEPing hate generative~AI"},
  year =	 2024,
  url =		 {https://www.youtube.com/watch?v=5woCccvuVic},
  urldate =	 {2025-04-29},
}



@online{ The-Lunduke-Journal-Self-Destruction-of-Open-Source-ETC-Ver-2024,
  author =	 {The~Lunduke Journal},
  title =	 {The~Self-Destruction~of Open Source Software},
  year =	 2024,
  url =		 {https://www.youtube.com/watch?v=EVmZy95vMUc},
  urldate =	 {2025-04-28},
}



@online{ The-Lunduke-Journal-The-Pokemon-Go-Spying-Conspiracy-ETC-Ver-2024,
  author =	 {The~Lunduke Journal},
  title =	 {The~Pokemon Go~Spying Conpiracy Theory? Yeah. It's
                  Verified.},
  year =	 2024,
  url =		 {https://www.youtube.com/watch?v=EVmZy95vMUc},
  urldate =	 {2025-03-23},
}



@online{ The-Lunduke-Journal-The-Ramifications-of-Red-Hats-ETC-Ver-2024,
  author =	 {The~Lunduke Journal},
  title =	 {The~Ramifications~of Red Hat's Racism},
  year =	 2024,
  url =		 {https://www.youtube.com/watch?v=F2T5CRiWV_w},
  urldate =	 {2025-04-23},
}



@online{ The-Lunduke-Journal-The-Road-to-Skynet-Nuclear-ETC-Ver-2024,
  author =	 {The~Lunduke Journal},
  title =	 {The~Road to~Skynet: Nuclear Powered, CAPTCHA Solving~AI},
  year =	 2024,
  url =		 {https://www.youtube.com/watch?v=4FbShw58LSs},
  urldate =	 {2025-05-09},
}



@online{ The-Lunduke-Journal-The-Worst-Part-of-Open-ETC-Ver-2024,
  author =	 {The~Lunduke Journal},
  title =	 {The~Worst Part~of Open Source: The~Community},
  year =	 2024,
  url =		 {https://www.youtube.com/watch?v=t4BRG5A5GEM},
  urldate =	 {2025-05-28},
}



@online{ The-Lunduke-Journal-Winamp-Source-Code-Repo-Deleted-Ver-2024,
  author =	 {The~Lunduke Journal},
  title =	 {Winamp Source Code Repo Deleted},
  year =	 2024,
  url =		 {https://www.youtube.com/watch?v=VOWyrtsDSZY},
  urldate =	 {2025-04-28},
}



@online{ The-Lunduke-Journal-Wikipedia-Spends-31-Millon-ETC-Ver-2024,
  author =	 {The~Lunduke Journal},
  title =	 {Wikipedia Spends \$31 Million on "Racial Equity" in~2024},
  year =	 2024,
  url =		 {https://www.youtube.com/watch?v=QAoRhUEEtoc},
  urldate =	 {2025-05-16},
}



@online{ The-Lunduke-Journal-Wordpress-Contributors-Must-Now-ETC-Ver-2024,
  author =	 {The~Lunduke Journal},
  title =	 {Wordpress Contributors Must Now Agree That
                  "Pineapple is~Delicious on~Pizza"},
  year =	 2024,
  url =		 {https://www.youtube.com/watch?v=G-g4wXT6Mio},
  urldate =	 {2025-04-13},
}










@Comment #########################################
@Comment 2025 year
@Comment #########################################


@online{ The-Lunduke-Journal-4Chan-Hack-Reveals-University-ETC-Ver-2025,
  author =	 {The~Lunduke Journal},
  title =	 {4Chan Hack Reveals Univeristy Professor Moderators,
                  10~Million Bans, 10~Year Old Software},
  year =	 2025,
  url =		 {https://www.youtube.com/watch?v=TyuVABlnm4c},
  urldate =	 {2025-04-17},
}



@online{ The-Lunduke-Journal-Adobe-and-YouTube-Censor-ETC-Ver-2025,
  author =	 {The~Lunduke Journal},
  title =	 {Adobe \&~YouTube Censor \&~Silence Journalist},
  year =	 2025,
  url =		 {https://www.youtube.com/watch?v=lzEiZMFs368},
  urldate =	 {2025-04-29},
}



@online{ The-Lunduke-Journal-Adobe-Makes-2nd-Fraudulent-ETC-Ver-2025,
  author =	 {The~Lunduke Journal},
  title =	 {Adobe Makes 2nd~Fraudulent Copyright Claim Against
                  Lunduke Journal},
  year =	 2025,
  url =		 {https://www.youtube.com/watch?v=H9DXd0_gNYk},
  urldate =	 {2025-04-29},
}



@online{ The-Lunduke-Journal-AI-Powered-Tabs-in-Firefox-ETC-Ver-2025,
  author =	 {The~Lunduke Journal},
  title =	 {AI~Powered Tabs in~Firefox? But\ldots{} Why?!},
  year =	 2025,
  url =		 {https://www.youtube.com/watch?v=RqbyPBkcK6Y},
  urldate =	 {2025-05-07},
}



@online{ The-Lunduke-Journal-Alpine-Linux-Says-No-XLibre-ETC-Ver-2025,
  author =	 {The~Lunduke Journal},
  title =	 {Alpine Linux Says "No XLibre!" for Political Reasons},
  year =	 2025,
  url =		 {https://www.youtube.com/watch?v=DmBY-yasjYQ},
  urldate =	 {2025-07-01},
}



@online{ The-Lunduke-Journal-Anti-Conservative-openSUSE-Linux-ETC-Ver-2025,
  author =	 {The~Lunduke Journal},
  title =	 {Anti-Conservative openSUSE Linux Spends December
                  Begging for Board Candidates, Finds None},
  year =	 2025,
  url =		 {https://www.youtube.com/watch?v=rHwrLLquq40},
  urldate =	 {2025-01-07},
}



@online{ The-Lunduke-Journal-Anti-Piracy-Video-Used-Pirated-ETC-Ver-2025,
  author =	 {The~Lunduke Journal},
  title =	 {Anti-Piracy Video Used Pirated Music \&~Font},
  year =	 2025,
  url =		 {https://www.youtube.com/watch?v=23uqMupVZ-k},
  urldate =	 {2025-04-24},
}



@online{ The-Lunduke-Journal-Arch-Linux-Discord-I-think-ETC-Ver-2025,
  author =	 {The~Lunduke Journal},
  title =	 {Arch Linux Discrod: "I~think we should kill Lunduke"},
  year =	 2025,
  url =		 {https://www.youtube.com/watch?v=KtItxpghFaA},
  urldate =	 {2025-04-17},
}



@online{ The-Lunduke-Journal-Arch-Linux-Discord-Voting-ETC-Ver-2025,
  author =	 {The~Lunduke Journal},
  title =	 {Arch Linux Discord Voting to Ban Links to X~/
                  Twitter (Because "Nazis")},
  year =	 2025,
  url =		 {https://www.youtube.com/watch?v=X6zKIcumWQ4},
  urldate =	 {2025-04-08},
}




@online{ The-Lunduke-Journal-Debian-Linux-Doubles-Down-on-ETC-Ver-2025,
  author =	 {The~Lunduke Journal},
  title =	 {Debian Linux Doubles Down on Wokeness, Leaves X.com},
  year =	 2025,
  url =		 {https://www.youtube.com/watch?v=vsKbj5bCS4A},
  urldate =	 {2025-06-12},
}



@online{ The-Lunduke-Journal-Fedora-based-Linux-Distro-Goes-on-ETC-Ver-2025,
  author =	 {The~Lunduke Journal},
  title =	 {Fedora-based Linux Distro Goes on a~Ban Party},
  year =	 2025,
  url =		 {https://www.youtube.com/watch?v=OQCeUToJdf8},
  urldate =	 {2025-04-07},
}



@online{ The-Lunduke-Journal-Fedora-Blames-Lunduke-for-Saving-ETC-Ver-2025,
  author =	 {The~Lunduke Journal},
  title =	 {Fedora Blames Lunduke for Saving Fedora},
  year =	 2025,
  url =		 {https://www.youtube.com/watch?v=Co774tWvFqo},
  urldate =	 {2025-06-30},
}



@online{ The-Lunduke-Journal-Gaming-Linux-Distro-Targets-ETC-Ver-2025,
  author =	 {The~Lunduke Journal},
  title =	 {Gaming Linux Distro Targets Children with Trans Cartoons},
  year =	 2025,
  url =		 {https://www.youtube.com/watch?v=w5OGVfvNsQc},
  urldate =	 {2025-02-08},
}



@online{ The-Lunduke-Journal-GNOME-Attacks-Lunduke-and-XLibre-ETC-Ver-2025,
  author =	 {The~Lunduke Journal},
  title =	 {GNOME Attacks Lunduke \&~XLibre Dev, in~Anti-Jewish,
                  Libelous, Defamatory Way},
  year =	 2025,
  url =		 {https://www.youtube.com/watch?v=bu5guSWznnA},
  urldate =	 {2025-06-24},
}



@online{ The-Lunduke-Journal-GNOME-Blog-F-k-Nazis-GNOME-ETC-Ver-2025,
  author =	 {The~Lunduke Journal},
  title =	 {GNOME Blog: "F**k Nazis, GNOME is Antifa"},
  year =	 2025,
  url =		 {https://www.youtube.com/watch?v=LOfUBFJBo1Y},
  urldate =	 {2025-04-28},
}



@online{ The-Lunduke-Journal-GNOME-Wayland-is-Gay-Ver-2025,
  author =	 {The~Lunduke Journal},
  title =	 {GNOME: "Wayland is Gay"},
  year =	 2025,
  url =		 {https://www.youtube.com/watch?v=W4o1uXe6cVc},
  urldate =	 {2025-06-24},
}



@online{ The-Lunduke-Journal-Godot-Game-Engine-Adds-Mandatory-ETC-Ver-2025,
  author =	 {The~Lunduke Journal},
  title =	 {Godot Game Engine Adds Mandatory "Consent to~Being
                  Recorded" for Audio Chats},
  year =	 2025,
  url =		 {https://www.youtube.com/watch?v=kmCaFlhqBkY},
  urldate =	 {2025-04-19},
}



@online{ The-Lunduke-Journal-Godot-Game-Engine-Went-Woke-ETC-Ver-2025,
  author =	 {The~Lunduke Journal},
  title =	 {Godot Game Engine Went Woke\ldots{ } And Lost
                  \$160,000 Per Year},
  year =	 2025,
  url =		 {https://www.youtube.com/watch?v=I-vGUzC75Ag},
  urldate =	 {2025-01-21},
}



@online{ The-Lunduke-Journal-IBM-Axes-Outdated-DEI-Policies-Ver-2025,
  author =	 {The~Lunduke Journal},
  title =	 {IBM Axes "Outdated" DEI Policies},
  year =	 2025,
  url =		 {https://www.youtube.com/watch?v=n65-Q_NwewQ},
  urldate =	 {2025-05-08},
}



@online{ The-Lunduke-Journal-Is-Arch-Linux-Woke-Looks-like-ETC-Ver-2025,
  author =	 {The~Lunduke Journal},
  title =	 {Is~Arch Linux Woke? Looks like it: Forum Censors
                  Mentions~of "Lunduke", Discord Goes on~Lockdown},
  year =	 2025,
  url =		 {https://www.youtube.com/watch?v=_GHVJv8tSyo},
  urldate =	 {2025-05-24},
}



@online{ The-Lunduke-Journal-Jack-Dorsey-Keynote-Cancelled-ETC-Ver-2025,
  author =	 {The~Lunduke Journal},
  title =	 {Jack Dorsey Keynote Cancelled After Protest Threat
                  by~Child Porn Enthusiast, Extreme Leftist},
  year =	 2025,
  url =		 {https://www.youtube.com/watch?v=BuJbFkGXC8M},
  urldate =	 {2025-06-30},
}



@online{ The-Lunduke-Journal-Linus-Tech-Tips-Bans-User-ETC-Ver-2025,
  author =	 {The~Lunduke Journal},
  title =	 {Linus Tech Tips Bans User For Saying "All Racism is~Bad"},
  year =	 2025,
  url =		 {https://www.youtube.com/watch?v=4hivVSR4JJs},
  urldate =	 {2025-04-03},
}



@online{ The-Lunduke-Journal-Linux-Foundation-Drops-ETC-Ver-2025,
  author =	 {The~Lunduke Journal},
  title =	 {Linux Foundation Drops Linux Spending to~Historic
                  Lows in~2024},
  year =	 2025,
  url =		 {https://www.youtube.com/watch?v=t1XUkD-T-YU},
  urldate =	 {2025-01-21},
}



@online{ The-Lunduke-Journal-Linux-Foundations-Mandatory-ETC-Ver-2025,
  author =	 {The~Lunduke Journal},
  title =	 {Linux Foundation's Mandatory DEI Training},
  year =	 2025,
  url =		 {https://www.youtube.com/watch?v=QDqzMaho21s},
  urldate =	 {2025-01-24},
}



@online{ The-Lunduke-Journal-Lunduke-Threatened-if-He-ETC-Ver-2025,
  author =	 {The~Lunduke Journal},
  title =	 {Lunduke Threatended if He~Attended SXSW},
  year =	 2025,
  url =		 {https://www.youtube.com/watch?v=xlybcoZq49s},
  urldate =	 {2025-03-30},
}



@online{ The-Lunduke-Journal-Microsoft-Blizzard-Artist-Calls-ETC-Ver-2025,
  author =	 {The~Lunduke Journal},
  title =	 {Microsoft Blizzard Artist Calls For Murder~of Trump
                  Voters},
  year =	 2025,
  url =		 {https://www.youtube.com/watch?v=R86YqWIRywU},
  urldate =	 {2025-05-23},
}



@online{ The-Lunduke-Journal-Nerd-Fests-Ban-Conservatives-ETC-Ver-2025,
  author =	 {The~Lunduke Journal},
  title =	 {Nerd Fests Ban Conservatives, Invite Leftists
                  Promoting Terrorism},
  year =	 2025,
  url =		 {https://www.youtube.com/watch?v=cknQfu1FZMM},
  urldate =	 {2025-05-23},
}



@online{ The-Lunduke-Journal-Open-Source-is-Anti-Free-Speach-Ver-2025,
  author =	 {The~Lunduke Journal},
  title =	 {Open Source is~Anti-Free Speech},
  year =	 2025,
  url =		 {https://www.youtube.com/watch?v=ueoYTPnxPMk},
  urldate =	 {2025-04-28},
}



@online{ The-Lunduke-Journal-Open-Source-People-are-ETC-Ver-2025,
  author =	 {The~Lunduke Journal},
  title =	 {Open Source People are Fighting to~Kill Open Source
                  Projects},
  year =	 2025,
  url =		 {https://www.youtube.com/watch?v=WdlhHOLaRgQ},
  urldate =	 {2025-06-12},
}



@online{ The-Lunduke-Journal-Pokemon-Go-the-Surveillance-Game-ETC-Ver-2025,
  author =	 {The~Lunduke Journal},
  title =	 {Pokemon Go, the~Surveillance Game Financed
                  by~the~CIA, now Owned by Saudi Arabia},
  year =	 2025,
  url =		 {https://www.youtube.com/watch?v=QDqzMaho21s},
  urldate =	 {2025-03-28},
}



@online{ The-Lunduke-Journal-Tech-Journalist-Engages-in-Lies-ETC-Ver-2025,
  author =	 {The~Lunduke Journal},
  title =	 {Tech Journalist Engages in~Lies \&~Doublespeak to to
                  Defame Lunduke},
  year =	 2025,
  url =		 {https://www.youtube.com/watch?v=-3OdZ-ROJWk},
  urldate =	 {2025-06-18},
}



@online{ The-Lunduke-Journal-Tech-Journalists-Rally-in-ETC-Ver-2025,
  author =	 {The~Lunduke Journal},
  title =	 {Tech Journalists Rally in Support~of DEI in~Big Tech},
  year =	 2025,
  url =		 {https://www.youtube.com/watch?v=qnm6VmBfvTA},
  urldate =	 {2025-03-24},
}



@online{ The-Lunduke-Journal-To-F-Droid-and-Lets-Encrypt-ETC-Ver-2025,
  author =	 {The~Lunduke Journal},
  title =	 {Tor, F-Droid, \&~Let's Encrypt Lose Tax Payer
                  Funding, Go To Court},
  year =	 2025,
  url =		 {https://www.youtube.com/watch?v=-rhOFP_ZP3U},
  urldate =	 {2025-05-23},
}



@online{ The-Lunduke-Journal-Ubuntu-Replaces-Sudo-with-ETC-Ver-2025,
  author =	 {The~Lunduke Journal},
  title =	 {Ubuntu Replaces Sudo with~Untested Rust Alternative
                  in~Next Release},
  year =	 2025,
  url =		 {https://www.youtube.com/watch?v=UKCKPEbOjJU},
  urldate =	 {2025-05-18},
}



@online{ The-Lunduke-Journal-W3C-Standardizes-Mozilla-ETC-Ver-2025,
  author =	 {The~Lunduke Journal},
  title =	 {W3C~Standardizes Mozilla Developed Spying Technology},
  year =	 2025,
  url =		 {https://www.youtube.com/watch?v=_wry21KZdhE},
  urldate =	 {2025-05-28},
}



@online{ The-Lunduke-Journal-Wordpress-Adds-Watermarks-ETC-Ver-2025,
  author =	 {The~Lunduke Journal},
  title =	 {Wordpress Adds Watermarks to~Internal Webpages
                  in~Hunt for~Whistleblowers},
  year =	 2025,
  url =		 {https://www.youtube.com/watch?v=pn6b1VU6kj0},
  urldate =	 {2025-04-22},
}
