@Comment #############################################################
@Comment #############################################################
@Comment Computer sciences, articles
@Comment #############################################################
@Comment #############################################################



@Comment #############################################################
@Comment Artificial intelligence
@Comment #############################################################


@online{ Amodei-et-al-Concrete-Problems-in-AI-Safety-Ver-2016,
  author =	 {Dario Amodei and Chris Olah and Jacob Steinhardt and
                  Paulo Christiano and John Schulman and Dane Mané},
  title =	 {Concrete Problems in AI Safety},
  year =	 2016,
  archivePrefix ={arXiv},
  eprint =	 {1606.06565},
  primaryClass = {cs.AI},
  doi =		 {https://doi.org/10.48550/arXiv.1606.06565},
  url =		 {https://arxiv.org/abs/1606.06565},
  urldate =	 {2024-09-02},
}



@online{ Flasinski-Sztuczna-inteligencja-Slowniki--ETC-Ver-2025,
  author =	 {Mariusz Flasiński},
  title =	 {Sztuczna inteligencja},
  year =	 2025,
  doi =		 {https://doi.org/10.35765/slowniki.491},
  url =
                  {https://slownikispoleczne.ignatianum.edu.pl/index.php/ss/catalog/book/491},
  urldate =	 {2025-06-18},
}









@Comment #########################################
@Comment Machine learning
@Comment #########################################


@online{ Beery-Horn-Perona-Recognition-in-Terra-Incognita-Pub-2018,
  author =	 {Sara Beery and Grant van Horn and Pietro Perona},
  title =	 {Recognition in~Terra Incognita},
  year =	 2017,
  archivePrefix ={arXiv},
  eprint =	 {1807.04975},
  primaryClass = {cs.CV},
  doi =		 {https://doi.org/10.48550/arXiv.1807.04975},
  url =		 {https://arxiv.org/abs/1807.04975},
  urldate =	 {2025-05-12},
}



@online{ Papernot-et-al-Practical-Black-Box-Attacks-ETC-Pub-2017,
  author =	 {Nicolas Papernot and Patrick McDaniel and Ian
                  Goodfellow and Somesh Jha and Z.~Berkay Celik and
                  Ananthram Swami},
  title =	 {Practical Black-Box Attacks against Machine
                  Learning},
  year =	 2017,
  archivePrefix ={arXiv},
  eprint =	 {1602.02697},
  primaryClass = {cs.CR},
  doi =		 {https://doi.org/10.48550/arXiv.1602.02697},
  url =		 {https://arxiv.org/abs/1602.02697},
  urldate =	 {2024-09-02},
}



@online{ Vaswami-et-al-Attention-Is-All-You-Need-Ver-2023,
  author =	 {Ashish aswani and Noam Shazeer and Niki Parmar and
                  Jakob Uszkoreit and Llion Jones and Aidan N. Gomez
                  and Łukasz Kaiser and Illia Polosukhin},
  title =	 {Attention Is All You Need},
  year =	 2016,
  archivePrefix ={arXiv},
  eprint =	 {1706.03762},
  primaryClass = {cs.CL},
  doi =		 {https://doi.org/10.48550/arXiv.1706.03762},
  url =		 {https://arxiv.org/abs/1706.03762},
  urldate =	 {2024-09-02},
}











@Comment #############################################################
@Comment Information theory
@Comment #############################################################


@article{ Kolchinsky-Tracey-Estimating-mixture-ETC-2017,
  author =	 {Artemy Kolchinsky and Brendan D.~Tracey},
  title =	 {Estimating Mixture Entropy with Pairwise Distances},
  journal =	 {Entropy},
  volume =	 {19},
  year =	 {2017},
  number =	 {7},
  article-number ={361},
  issn =	 {1099--4300},
  archivePrefix ={arXiv},
  eprint =	 1706.02419,
  primaryClass = {cs.IT},
  doi =		 {10.3390/e19070361},
  url =		 {https://www.mdpi.com/1099-4300/19/7/361},
}










@Comment #############################################################
@Comment Algorithmic information theory
@Comment #############################################################


@article{ Hutter-Algorithmic-Information-Theory-A-Brief-ETC-2007,
  author =	 {Marcus Hutter},
  title =	 {Algorithmic Information Theory: a~brief
                  non-technical guide to the field},
  journal =	 {{}},
  year =	 2007,
  archivePrefix ={arXiv},
  eprint =	 {cs/0703024},
  primaryClass = {cs.IT},
  doi =		 {https://doi.org/10.48550/arXiv.cs/0703024},
}



@article{ Solomonoff-A-formal-theory-of-inductive-inference-Part-I-1964,
  author =	 {Ray J. Solomonoff},
  title =	 {A~formal theory of inductive inferences. Part 1},
  journal =	 {Information and Control},
  year =	 1964,
  volume =	 7,
  issue =	 1,
  pages =	 {1--22},
}



@article{ Solomonoff-A-formal-theory-of-inductive-Inference-Part-II-1964,
  author =	 {Ray J. Solomonoff},
  title =	 {A~formal theory of inductive inferences. Part 2},
  journal =	 {Information and Control},
  year =	 1964,
  volume =	 7,
  issue =	 2,
  pages =	 {224--254},
}










@Comment #############################################################
@Comment Computer algebra systems
@Comment #############################################################


@online{ Carette-Famer-Towards-Specifying-ETC-2019,
  author =	 {Jacques Carette and William M. Farmer},
  title =	 {Towards Specifying Symbolic Computation},
  year =	 2019,
  doi =		 {https://doi.org/10.48550/arXiv.1904.02729},
  archivePrefix ={arXiv},
  eprint =	 1904.02729,
  primaryClass = {cs.LO},
}










@Comment #############################################################
@Comment Programming languages
@Comment #############################################################



@Comment #########################################
@Comment Julia
@Comment #########################################


@article{ Bezanson-et-al-Julia-A-Fresh-Approach-ETC-2017,
  author =	 {Jeff Bezanson and Alan Edelman and Stefan Karpinski
                  and Viral B. Shah},
  title =	 {Julia: A~Fresh Approach to Numerical Computing},
  journal =	 {SIAM Review},
  year =	 2017,
  volume =	 59,
  number =	 1,
  pages =	 {65--98},
  doi =		 {https://doi.org/10.1137/141000671},
  url =		 {https://doi.org/10.1137/141000671},
  eprint =	 {https://doi.org/10.1137/141000671},
}
