@Comment #############################################################
@Comment #############################################################
@Comment Computer science channels. Netography
@Comment #############################################################
@Comment #############################################################



@Comment #############################################################
@Comment Low Level, YouTube channel
@Comment #############################################################


@Comment ###################################################
@Comment 2022 year
@Comment ###################################################


@online{ Low-Level-How-dangerous-is-the-future-with-ChatGPT-Ver-2022,
  author =	 {Low Level},
  title =	 {How dangerous is the~future with~ChatGPT},
  year =	 2022,
  url =		 {https://www.youtube.com/watch?v=EltsxkoII_A},
  urldate =	 {2025-01-17},
}










@Comment ###################################################
@Comment 2023 year
@Comment ###################################################


@online{ Low-Level-How-a-simple-programming-ETC-Ver-2023,
  author =	 {Low Level},
  title =	 {How a~simple programming mistake ended 6~lives},
  year =	 2023,
  url =		 {https://www.youtube.com/watch?v=41Gv-zzICIQ},
  urldate =	 {2024-10-06},
}










@Comment ###################################################
@Comment 2024 year
@Comment ###################################################


@online{ Low-Level-Critical-vulnerability-in-WiFi-ETC-Ver-2024,
  author =	 {Low Level},
  title =	 {Critical vulnerability in WiFi chipsets},
  year =	 2024,
  url =		 {https://www.youtube.com/watch?v=sEqvlCrbikQ},
  urldate =	 {2025-02-07},
}



@online{ Low-Level-I-was-right-Ver-2024,
  author =	 {Low Level},
  title =	 {I~was right},
  year =	 2024,
  url =		 {https://www.youtube.com/watch?v=F8cT1YCsxgo},
  urldate =	 {2025-02-05},
}










@Comment ###################################################
@Comment 2025 year
@Comment ###################################################


@online{ Low-Level-Rust-is-causing-a-lot-of-problems-Ver-2025,
  author =	 {Low Level},
  title =	 {Rust is causing a~lot~of problems\ldots},
  year =	 2025,
  url =		 {https://www.youtube.com/watch?v=Jgq551IhquA},
  urldate =	 {2025-09-20},
}
