@Comment #############################################################
@Comment #############################################################
@Comment Hardware, netography
@Comment #############################################################
@Comment #############################################################







@Comment #############################################################
@Comment Computers
@Comment #############################################################


@online{ Daves-Garage-What-Inside-a-MiniComputer-ETC-Ver-2023,
  author =	 {Deve's Garage},
  title =	 {What's Inside a~MiniComputer? The~Frankenstein PDP-11!},
  year =	 2024,
  url =		 {https://www.youtube.com/watch?v=GJfeli6H_dc},
  urldate =	 {2024-08-25},
}



@online{ RealPars-What-is-a-Transistor-ETC-Ver-2020,
  author =	 {RealPars},
  title =	 {What is a~Transistor; Working Principles},
  year =	 2020,
  url =		 {https://www.youtube.com/watch?v=YtM_MnM0qT4},
  urldate =	 {2024-08-22},
}










@Comment #############################################################
@Comment CPU
@Comment #############################################################


@online{ Arm-What-is-CPU-Architecture-Ver-2021,
  author =	 {Arm},
  title =	 {What is~CPU Architecture?},
  year =	 2021,
  url =		 {https://www.youtube.com/watch?v=rlaNMJeA1EA},
  urldate =	 {2024-08-12},
}



@online{ Computerphile-CPUs-Are-Out-of-Order-Ver-2018,
  author =	 {Computerphile},
  title =	 {CPUs Are Out~of Order},
  year =	 2018,
  url =		 {https://www.youtube.com/watch?v=_qvOlL8nhN4},
  urldate =	 {2024-08-29},
}



@online{ Computerphile-ARM-Processor-Sowing-ETC-Ver-2015,
  author =	 {Computerphile},
  title =	 {ARM Processor~-- Sowing the~Seeds~of Success},
  year =	 2015,
  url =		 {https://www.youtube.com/watch?v=1jOJl8gRPyQ},
  urldate =	 {2024-08-24},
}



@online{ Computerphile-The-Path-Towards-ARM-and-BBC-B-Ver-2015,
  author =	 {Computerphile},
  title =	 {The~Path Towards ARM \&~BBC~B},
  year =	 2015,
  url =		 {https://www.youtube.com/watch?v=izy6h_vvSxU},
  urldate =	 {2024-08-30},
}



@online{ Computerphile-Why-do-CPUs-Need-Caches-Ver-2015,
  author =	 {Computerphile},
  title =	 {Why do~CPUs Need Caches?},
  year =	 2015,
  url =		 {https://www.youtube.com/watch?v=6JpLD3PUAZk},
  urldate =	 {2024-08-30},
}



@online{ Fireship-How-a-CPU-Works-in-100-Seconds-ETC-Ver-2021,
  author =	 {Computerphile and Steve Furber},
  title =	 {How a~CPU Works in 100 Seconds; Apple Silicon M1
                  vs~Intel~i9},
  year =	 2021,
  url =		 {https://www.youtube.com/watch?v=vqs_0W-MSB0},
  urldate =	 {2024-08-25},
}



@online{ Gary-Explains-32-bits-is-DEAD-Ver-2021,
  author =	 {Gray Explains},
  title =	 {32-bits is~DEAD!},
  year =	 2021,
  url =		 {https://www.youtube.com/watch?v=jlRAnO1GR0U},
  urldate =	 {2024-08-30},
}



@online{ Gary-Explains-Design-Your-Own-CPU-Instruction-Set-Ver-2019,
  author =	 {Gary Explains},
  title =	 {Design Your Own CPU Instruction Set},
  year =	 2019,
  url =		 {https://www.youtube.com/watch?v=8VsiYWW9r48},
  urldate =	 {2024-08-25},
}



@online{ Gary-Explains-Arm-vs-x86-Key-Differences-Explained-Ver-2020,
  author =	 {Gary Explains},
  title =	 {Arm vs~x86. Key Differences Explained},
  year =	 2022,
  url =		 {https://www.youtube.com/watch?v=AADZo73yrq4},
  urldate =	 {2024-08-29},
}



@online{ Gary-Explains-Arm-vs-RISC-V-Which-One-Is-The-Most-ETC-Ver-2022,
  author =	 {Gary Explains},
  title =	 {Arm vs~RISC-V? Which One Is The Most Efficient},
  year =	 2022,
  url =		 {https://www.youtube.com/watch?v=hdnONr-cXds},
  urldate =	 {2024-08-25},
}



@online{ Gary-Explains-How-does-a-CPU-work-Part-1-Ver-2018,
  author =	 {Gary Explains},
  title =	 {How does a~CPU work? Part~1},
  year =	 2018,
  url =		 {https://www.youtube.com/watch?v=RIrQwd_srRw},
  urldate =	 {2024-08-21},
}



@online{ Gary-Explains-How-does-a-CPU-work-Part-2-ETC-Ver-2018,
  author =	 {Gary Explains},
  title =	 {How does a~CPU work? Part~2: Assembly language},
  year =	 2018,
  url =		 {https://www.youtube.com/watch?v=af0Vy488ouI},
  urldate =	 {2024-08-21},
}



@online{ Gary-Explains-RISC-vs-CISC-Is-it-Still-a-Thing-Ver-2019,
  author =	 {Gary Explains},
  title =	 {RISC vs CISC~-- Is~it Still a~Thing?},
  year =	 2019,
  url =		 {https://www.youtube.com/watch?v=g16wZWKcao4},
  urldate =	 {2024-08-24},
}



@online{ Gary-Explains-RISC-V-vs-x86-History-and-Key-ETC-Ver-2021,
  author =	 {Gary Explains},
  title =	 {RISC-V vs x86~-- History and Key Differences Explained},
  year =	 2021,
  url =		 {https://www.youtube.com/watch?v=4wxNWewjCSo},
  urldate =	 {2024-09-14},
}



@online{ Intel-Technology-Architecture-All-Access-Modern-ETC-Part-I-Ver-2021,
  author =	 {Intel-Technology},
  title =	 {Architecture All Access: Modern CPU Aritecture
                  Part~1~-- Key Concepts},
  url =		 {https://www.youtube.com/watch?v=vgPFzblBh7w},
  urldate =	 {2024-09-10},
}



@online{ Robertson-Every-Modern-CPU-Is-Still-Fundamentally-ETC-2024,
  author =	 {Brodie Robertson},
  title =	 {Every Modern CPU Is Still Gundamentally Broken},
  year =	 2024,
  url =		 {https://www.youtube.com/watch?v=mlRxMUb-1MA},
  urldate =	 {2024-11-04},
}



@online{ Scott-The-Fetch-Execute-Cycle-ETC-2019,
  author =	 {Tom Scott},
  title =	 {The~Fetch-Execute Cycle: What's Your Computer
                  Actually Doing?},
  year =	 2019,
  url =		 {https://www.youtube.com/watch?v=Z5JC9Ve1sfI},
  urldate =	 {2024-09-06},
}



@online{ Tech-Tales-Podcast-The-Tragedy-of-Intel-Itanium-Ver-2021,
  author =	 {Tech Tales Podcast},
  title =	 {The~Tragedy~of Intel Itanium},
  year =	 2021,
  url =		 {https://www.youtube.com/watch?v=tq9VBj1n78o},
  urldate =	 {2024-09-06},
}



@online{ Techquickie-Intels-CPU-Crashes-Explained-Ver-2024,
  author =	 {Techquickie},
  title =	 {Intel's CPU Crashes Explained},
  year =	 2024,
  url =		 {https://www.youtube.com/watch?v=swm7n88QmLA},
  urldate =	 {2024-08-31},
}










@Comment #########################################
@Comment ARM
@Comment #########################################






@online{ ,
  author =	 {},
  title =	 {},
  url =
                  {https://www.cmor-faculty.rice.edu/~heinken/latex/symbols.pdf},
  urldate =	 {},
}









@Comment #########################################
@Comment Intel
@Comment #########################################


@online{ DannyzReviews-Intel-CPU-Crashing-Situation-is-ETC-Ver-2024,
  author =	 {DannyzReviews},
  title =	 {Intel CPU Crashing Situation is FAR Worse That You
                  Think!~-- 50\% Failure Rate, RMAs Denied},
  year =	 2024,
  url =		 {https://www.youtube.com/watch?v=YNUV-zL49oM},
  urldate =	 {2024-09-21},
}



@online{ Low-Level-Learning-Intel-CPUs-may-have-ETC-Ver-2024,
  author =	 {Low Level Learning},
  title =	 {Intel CPUs may have 100\% failure rate},
  year =	 2024,
  url =		 {https://www.youtube.com/watch?v=1GGPwckQ2zE},
  urldate =	 {2024-07-24},
}





















@Comment #############################################################
@Comment Mainframes
@Comment #############################################################


@online{ IBM-Technology-Mainframes-Myths-Debunked-ETC-Ver-2023,
  author =	 {IBM Technology},
  title =	 {Mainframe Myths Debunked in 5~Minutes},
  year =	 2023,
  url =		 {https://www.youtube.com/watch?v=3rVfUbDsdf8},
  urldate =	 {2024-08-18},
}



@online{ -outage-Ver-2024,
  author =	 {},
  title =	 {},
  year =	 20,
  url =		 {},
  urldate =	 {},
}



@online{ -ETC-Ver-2024,
  author =	 {},
  title =	 {},
  year =	 2024,
  url =		 {},
  urldate =	 {},
}



@online{ -ETC-Ver-2024,
  author =	 {},
  title =	 {},
  year =	 2024,
  url =		 {},
  urldate =	 {},
}



@online{ -ETC-Ver-2024,
  author =	 {},
  title =	 {},
  year =	 2024,
  url =		 {},
  urldate =	 {},
}



@online{ -ETC-Ver-2023,
  author =	 {},
  title =	 {},
  year =	 ,
  url =		 {},
  urldate =	 {},
}



@online{ -Ver-2024,
  author =	 {},
  title =	 {},
  year =	 ,
  url =		 {},
  urldate =	 {},
}



@online{ -Ver-2024,
  author =	 {},
  title =	 {},
  year =	 ,
  url =		 {},
  urldate =	 {},
}



@online{ -Ver-2024,
  author =	 {},
  title =	 {},
  year =	 ,
  url =		 {},
  urldate =	 {},
}



@online{ -ETC-Ver-2024,
  author =	 {},
  title =	 {},
  year =	 ,
  url =		 {},
  urldate =	 {},
}












@Comment #############################################################
@Comment
@Comment #############################################################


@online{ -Ver-2019,
  author =	 {},
  title =	 {},
  year =	 ,
  url =		 {},
  urldate =	 {},
}









@Comment #############################################################
@Comment General materials about hardware
@Comment #############################################################


@online{ -Ver-2024,
  author =	 {},
  title =	 {},
year =	 ,
  url =
                  {},
  urldate =	 {23-VII-2024},
  note =	 {}
}
