@Comment #############################################################
@Comment #############################################################
@Comment Programming languages, netography
@Comment #############################################################
@Comment #############################################################



@Comment #############################################################
@Comment C programming language
@Comment #############################################################


@online{ freeCodeCamp-org-C-Programming-Tutorial-for-ETC-2018,
  author =	 {freeCodeCamp.org},
  title =	 {C~Programming Tutorial for~Beginners},
  year =	 2018,
  url =		 {https://www.youtube.com/watch?v=KJgsSFOSQv0},
  urldate =	 {12-VIII-2024},
}










@Comment #############################################################
@Comment Julia programming language
@Comment #############################################################


@Comment ###############################
@Comment JuliaCon 2019
@Comment ###############################


@online{ Udell-Keynote-Big-Data-is-Low-Rank-ETC-2019,
  author =	 {Madeleine Udell},
  title =	 {Keynote. Big Data is Low Rank using LowRankModels},
  year =	 2019,
  url =		 {https://www.youtube.com/watch?v=BjMgo3liDZ8},
  urldate =	 {13-VII-2024},
  note =	 {The Julia Programming Language; JuliaCon 2019},
}










@Comment ###############################
@Comment JuliaCon 2022
@Comment ###############################


@online{ Bezanson-The-State-of-Julia-Ver-2022,
  author =	 {Jeff Bezanson},
  title =	 {The~State~of Julia},
  year =	 2022,
  url =		 {https://www.youtube.com/watch?v=N4h46_TCmGc},
  urldate =	 {27-VII-2024},
  note =	 {The Julia Programming Language; JuliaCon 2022},
}



@online{ Foster-JuliaSyntax-jl-A-New-Julia-Compiler-ETC-Ver-2022,
  author =	 {Claire Foster},
  title =	 {JuliaSyntax.jl: A~New Julia Compiler Frontend in Julia},
  year =	 2022,
  url =		 {https://www.youtube.com/watch?v=s6pjxCuNGjc},
  urldate =	 {27-VII-2024},
  note =	 {The Julia Programming Language; JuliaCon 2022},
}



@online{ Howard-Keynote-What-makes-a-programming-language-ETC-Ver-2022,
  author =	 {Jeremy Howard},
  title =	 {Keynote. What makes a programming language
                  successful?},
  year =	 2022,
  url =		 {https://www.youtube.com/watch?v=s6pjxCuNGjc},
  urldate =	 {13-VII-2024},
  note =	 {The Julia Programming Language; JuliaCon 2022},
}










@Comment ###############################
@Comment JuliaCon Local Eindhoven 2023
@Comment ###############################


@online{ Tiemann-Julia-Solves-the-2-Language-Problem-ETC-Ver-2022,
  author =	 {Michael Tiemann},
  title =	 {Julia Solves the~2~Language Problem, However
                  It~Creates the~1.5 Language},
  year =	 2023,
  url =		 {https://www.youtube.com/watch?v=RUJFd-rEa0k},
  urldate =	 {27-VII-2024},
  note =	 {The Julia Programming Language; JuliaCon Local
                  Eindhoven 2022},
}








@Comment ###############################
@Comment Julia packages ecosystem
@Comment ###############################


@misc{ OSCAR-Page,
  key =		 {OSCAR},
  organization = {The OSCAR Team},
  title =	 {OSCAR -- Open Source Computer Algebra Research
                  system, Version 1.0.0},
  year =	 {2024},
  url =		 {https://www.oscar-system.org},
}










@Comment #############################################################
@Comment Programming language in 100 seconds
@Comment #############################################################


@onlice{ Fireship-Scala-in-100-Seconds-Ver-2024,
  author =	 {Fireship},
  title =	 {Scala in~100 Seconds},
  year =	 2024,
  url =		 {https://www.youtube.com/watch?v=I7-hxTbpscU},
  urldate =	 {03-VIII-2024},
}










@Comment #############################################################
@Comment Ruby programming language
@Comment #############################################################


@online{ Solnica-Blending-functional-and-OO-programming-ETC-2015,
  author =	 {Piotr Solnica},
  title =	 {Blending functional and OO programming in Ruby},
  year =	 2015,
  url =		 {https://www.youtube.com/watch?v=rMxurF4oqsc},
  urldate =	 {12-VII-2024},
}










@Comment ###############################
@Comment Ruby learning materials
@Comment ###############################


@online{ Basheer-Ponnappa-Ruby-Monk,
  author =	 {Jasim A. Basheer and Sidu Ponnappa},
  title =	 {Ruby Monk},
  url =		 {https://rubymonk.com/},
  urldate =	 {14-VII-2024},
}



@online{ freeCodeCamp-org-Ruby-programming-language-ETC-Ver-2018,
  author =	 {freeCodeCamp.org},
  title =	 {Ruby Programming Language~-- Full Course},
  year =	 2018,
  url =		 {https://www.youtube.com/watch?v=t_ispmWmdjY},
  urldate =	 {13-VII-2024},
}










@Comment #############################################################
@Comment Rust programming language
@Comment #############################################################




@Comment ###############################
@Comment Rust learning materials
@Comment ###############################


@online{ mike-code-Rust-Tutorial-2024,
  author =	 {mike code},
  title =	 {Rust Tutorial},
  url =
                  {https://www.youtube.com/watch?v=U4uheDQLIlY&list=PLJEZDlUEtOf5nyUaZzjtqvcENA28rqwVs},
  urldate =	 {13-VII-2024},
}
