@Comment #############################################################
@Comment #############################################################
@Comment Mormonism, online resources
@Comment #############################################################
@Comment #############################################################



@Comment #############################################################
@Comment Mormon Stories Podcast
@Comment #############################################################


@online{ Achenbach-Dehlin-Dehlin-A-black-teenager-joins-ETC-Ver-2023,
  author =	 {Channel Achenbach and John Dehlin and Margi Dehlin},
  title =	 {A~black teenager joint the Mormon Church},
  year =	 2023,
  url =		 {https://www.youtube.com/watch?v=zbyGhOXVSqE},
  urldate =	 {20-VII-2024},
}



@online{ Bringhurst-Dehlin-Borell-The-life-of-historian-ETC-Ver-2021,
  author =	 {Newell Bringhurst and John Dehlin and Karen Borell??},
  title =	 {The life of historian Fawn McKay Brodie},
  year =	 2021,
  url =		 {https://www.youtube.com/watch?v=if765B_gc50},
  urldate =	 {20-VII-2024},
}



@online{ Buchanan-Park-Dehlin-Polygamy-under-Joseph-Smith-Ver-2023,
  author =	 {Bryan Byhanan and John Dehlin and Lindsay Hansen
                  Park},
  title =	 {Polygamy under Joseph Smith},
  year =	 2023,
  url =		 {https://www.youtube.com/watch?v=uPukJiqc4wE},
  urldate =	 {20-VII-2024},
}



@online{ Buchanan-Dehlin-Park-Polygamy-under-Brighma-Young-Ver-2023,
  author =	 {Bryan Buchanan and John Dehlin and Lindsay Hansen
                  Park},
  title =	 {Polygamy under Brighma Young},
  year =	 2023,
  url =		 {https://www.youtube.com/watch?v=3HlNpCcNUS8},
  urldate =	 {20-VII-2024},
}



@online{ Carego-Dehlin-Smiths-first-vision-ETC-Part-I-Ver-2018,
  author =	 {Mark Crego and John Dehlin and Warren Ludlow and
                  Johnny Stephenson and Sandra Tanner},
  title =	 {Smith's first vision, and how the church and
                  apologists mislead. Part~I},
  year =	 2018,
  url =		 {https://www.youtube.com/watch?v=3LQY5EytqLg},
  urldate =	 {20-VII-2024},
}



@online{ Carego-Dehlin-Smiths-first-vision-ETC-Part-II-Ver-2018,
  author =	 {Mark Crego and John Dehlin and Warren Ludlow and
                  Johnny Stephenson and Sandra Tanner},
  title =	 {Smith's first vision, and how the church and
                  apologists mislead. Part~II},
  year =	 2018,
  url =		 {https://www.youtube.com/watch?v=UOVPoPSbLF4},
  urldate =	 {20-VII-2024},
}



@online{ Dehlin-Runnells-The-genesis-of-the-CSE-letter-Ver-2014,
  author =	 {John Dehlin and Jeremy Runnells},
  title =	 {The~genesis~of the~CES letter},
  year =	 2014,
  url =		 {https://www.youtube.com/watch?v=_nMadctXvMg},
  urldate =	 {20-VII-2024},
}



@online{ Dehlin-Vogel-Joseph-Smiths-treasure-digging-Part-I-Ver-2019,
  author =	 {John Dehlin and Dan Vogel},
  title =	 {Joseph Smith's treasure digging. Part~I},
  year =	 2019,
  url =		 {https://www.youtube.com/watch?v=aMUjxGj3v6I},
  urldate =	 {20-VII-2024},
}



@online{ Dehlin-Vogel-Joseph-Smiths-treasure-digging-Part-II-Ver-2019,
  author =	 {John Dehlin and Dan Vogel},
  title =	 {Joseph Smith's treasure digging. Part~II},
  year =	 2019,
  url =		 {https://www.youtube.com/watch?v=to2LH4mk4f8},
  urldate =	 {20-VII-2024},
}



@online{ Dehlin-Vogel-How-the-Book-of-Mormon-was-created-Part-I-Ver-2019,
  author =	 {John Dehlin and Dan Vogel},
  title =	 {How the~Book~of Mormon was created. Part~I},
  year =	 2019,
  url =		 {https://www.youtube.com/watch?v=t78cXByyfpI},
  urldate =	 {20-VII-2024},
}



@online{ Dehlin-Vogel-How-the-Book-of-Mormon-was-created-Part-II-Ver-2019,
  author =	 {John Dehlin and Dan Vogel},
  title =	 {How the~Book~of Mormon was created. Part~II},
  year =	 2019,
  url =		 {https://www.youtube.com/watch?v=to2LH4mk4f8},
  urldate =	 {20-VII-2024},
}



@online{ Dehlin-Vogel-How-the-Book-of-Mormon-was-created-Part-III-Ver-2019,
  author =	 {John Dehlin and Dan Vogel},
  title =	 {How the~Book~of Mormon was created. Part~III},
  year =	 2019,
  url =		 {},
  urldate =	 {???-VII-2024},
}



@online{ Dehlin-Vogel-Theories-of-Book-of-Mormon-autorship-Part-I-Ver-2019,
  author =	 {John Dehlin and Dan Vogel},
  title =	 {Theories~of Book~of Mormon autorship. Part~I},
  year =	 2019,
  url =		 {https://www.youtube.com/watch?v=EZ2elBaG0VI},
  urldate =	 {20-VII-2024},
}



@online{ Dehlin-Vogel-Theories-of-Book-of-Mormon-autorship-Part-II-Ver-2019,
  author =	 {John Dehlin and Dan Vogel},
  title =	 {Theories of Book of Mormon autorship. Part~II},
  year =	 2019,
  url =		 {https://www.youtube.com/watch?v=rfrsupxCuE4},
  urldate =	 {20-VII-2024},
}



@online{ Dehlin-Vogel-The-Book-of-Mormon-as-revelation-ETC-Part-I-Ver-2019,
  author =	 {John Dehlin and Dan Vogel},
  title =	 {The Book~of Mormon as "Revelation" instead of
                  "translation". Part~I},
  year =	 2019,
  url =		 {https://www.youtube.com/watch?v=eJV_B2JZZ-4},
  urldate =	 {20-VII-2024},
}



@online{ Dehlin-Vogel-The-Book-of-Mormon-as-revelation-ETC-Part-II-Ver-2019,
  author =	 {John Dehlin and Dan Vogel},
  title =	 {The Book~of Mormon as "Revelation" instead of
                  "translation". Part~II},
  year =	 2019,
  url =		 {https://www.youtube.com/watch?v=DgRf0zyehFA},
  urldate =	 {20-VII-2024},
}



@online{ Dehlin-Questions-I-would-ask-Richard-Bushman-Ver-2023,
  author =	 {John Dehlin},
  title =	 {Questions I would ask Richard Bushman},
  year =	 2021,
  url =		 {https://www.youtube.com/watch?v=ySz56doTEKU},
  urldate =	 {20-VII-2024},
}



@online{ LDS-Discussions-Book-of-Mormon-translation-Ver-2022,
  author =	 {LDS Discussion},
  title =	 {Book of Mormon Translation},
  year =	 2022,
  url =		 {https://www.youtube.com/watch?v=NB8WE6ipM4k},
  urldate =	 {20-VII-2024},
}



@online{ LDS-Discussions-Did-Brigham-Young-ttransform-ETC-Ver-2023,
  author =	 {LDS Discussion},
  title =	 {Did Brigham Young transform into Joseph Smith?},
  year =	 2023,
  url =		 {https://www.youtube.com/watch?v=uVdOZzgeyG0},
  urldate =	 {20-VII-2024},
}










@Comment #############################################################
@Comment
@Comment #############################################################


@online{ Alliance-of-ETC-Why-do-Protestants-convert-2024,
  author =	 {Alliance of Confessing Evangelicals},
  title =	 {Why do Protestants convert?},
  year =	 2024,
  url =
                  {https://www.youtube.com/watch?v=3HlNpCcNUS8},
  urldate =	 {12-VII-2024},
}



@online{ Castaldo-Gospel-Simplicity-Exploring-why-ETC-2024,
  author =	 {Chris Castaldo and Gospel Simplicity},
  title =	 {Exploring why Porestants-become Catholic},
  year =	 2024,
  url =		 {https://www.youtube.com/watch?v=oqza8HgvhdU},
  urldate =	 {12-VII-2024},
}