@Comment #############################################################
@Comment #############################################################
@Comment Mormonism. Netography
@Comment #############################################################
@Comment #############################################################


@Comment #############################################################
@Comment 2021 year
@Comment #############################################################


@online{ Saints-Unscripted-What-is-the-CES-Letter-ETC-Ep-124-Ver-2021,
  author =	 {Saint Unscripted},
  title =	 {What is the~CES Letter? Ep.~124},
  year =	 2021,
  url =		 {https://www.youtube.com/watch?v=i-tuZUN3Dgs},
  urldate =	 {2024-08-31},
}










@Comment #############################################################
@Comment 2024 year
@Comment #############################################################


@online{ Grenfell-ExMormon-Reacts-to-BANNED-Mormon-Cartoon-Ver-2024,
  author =	 {Alyssa Grenfell},
  title =	 {ExMormon Reacts to "BANNED Mormom Cartoon"},
  year =	 2024,
  url =		 {https://www.youtube.com/watch?v=_XY3D5Nfi3A},
  urldate =	 {2025-09-02},
}



@online{ Grenfell-Mormon-Afterlife-Explainex-A-Flowchart-ETC-Ver-2024,
  author =	 {Alyssa Grenfell},
  title =	 {Mormon Afterlife Explained (A~Flowchart for your Soul)},
  year =	 2024,
  url =		 {https://www.youtube.com/watch?v=4cmKB6eTdBs},
  urldate =	 {2025-08-27},
}



@online{ Grenfell-The-Bizarre-Reason-So-Many-Fantasty-ETC-Ver-2024,
  author =	 {Alyssa Grenfell},
  title =	 {The~Bizarre Reason So~Many Fantasy Authors Are Mormon},
  year =	 2024,
  url =		 {https://www.youtube.com/watch?v=tTQLxR2ggUg},
  urldate =	 {2025-09-06},
}



@online{ GLM-Why-Mormonism-Cant-Recover-from-The-Book-of-ETC-Ver-2024,
  author =	 {GLM},
  title =	 {Why Mormonism Can't Recover from "The~Book~of
                  Abraham"},
  year =	 2024,
  url =		 {https://www.youtube.com/watch?v=Lxx6WEygxUw},
  urldate =	 {2025-02-23},
}



@online{ MORMONOLOG-Dlaczego-postanowiłem-samemu-przetłumaczyć-ETC-Ver-2024,
  author =	 {Mormonolog},
  title =	 {Dlaczego postanowiłem samemu przetłumaczyć proroka
                  Józefa Smitha na~język polski?},
  url =		 {https://www.youtube.com/watch?v=Ay7kN-I9dBA},
  urldate =	 {2024-09-05},
}










@Comment #############################################################
@Comment 2025 year
@Comment #############################################################


@online{ Grenfell-Signs-Twilight-Was-Written-by-a-Mormon-Ver-2025,
  author =	 {Alyssa Grenfell},
  title =	 {Signs Twilight Was Written by~a~Mormon},
  year =	 2025,
  url =		 {https://www.youtube.com/watch?v=JwGC4ewe1_w},
  urldate =	 {2025-09-06},
}










@Comment #############################################################
@Comment Criticism of Mormonism
@Comment #############################################################


@online{ Runnells-CSE-Letter-Ver-2024,
  author =	 {Jeremy Runnells},
  title =	 {CSE Letter},
  url =		 {https://cesletter.org/},
  urldate =	 {2024-08-29},
}










@Comment #############################################################
@Comment Mormonism and Christianity
@Comment #############################################################


@Comment ###################################################
@Comment 2023 year
@Comment ###################################################


@online{ Winger-Why-I-say-Mormon-isnt-Christian-though-ETC-Ver-2023,
  author =	 {Mike Winger},
  title =	 {Why I~say Mormon isn't Christian, though I~wish it was},
  year =	 2023,
  url =		 {https://www.youtube.com/watch?v=aUK1hnjfEbc},
  urldate =	 {2024-08-23},
}










@Comment ###################################################
@Comment 2024 year
@Comment ###################################################


@online{ Matt-Fradd-Is-the-Book-of-Mormon-Divinely-Inspired-ETC-Ver-2024,
  author =	 {Matt Fradd},
  title =	 {Is the~Book~of Mormon Divinely Inspired?
                  w/~@thoughtfulfaith2020 and~@TheCounselofTrent},
  year =	 2024,
  url =		 {https://www.youtube.com/watch?v=9V_N0cRqzQU},
  urldate =	 {2025-08-17},
}
@Comment Tu skończyłem.


@online{ The-Counsel-of-Trent-5-Reasons-to-Doubt-ETC-2024,
  author =	 {The~Counsel~of Trent},
  title =	 {5~Reasons to~Doubt the~Book~of Mormon},
  year =	 2024,
  url =		 {https://www.youtube.com/watch?v=Kb4JReadZ5E},
  urldate =	 {2024-08-26},
}



@online{ The-Counsel-of-Trent-The-Incredible-Shrinking-ETC-2024,
  author =	 {The~Counsel~of Trent},
  title =	 {The~Incredible Shrinking Book~of Mormon},
  year =	 2024,
  url =		 {https://www.youtube.com/watch?v=I-i_7k5i88g},
  urldate =	 {2025-02-16},
}










@Comment ###################################################
@Comment 2025 year
@Comment ###################################################


@online{ Shameless-Popery-Why-Mormons-Dont-Worship-Jesus-Ver-2025,
  author =	 {Shameless Popery},
  title =	 {Why Mormons Don't Worship Jesus?},
  year =	 2025,
  url =		 {https://www.youtube.com/watch?v=nXUPlSQ9U4Y},
  urldate =	 {2025-08-26},
}










@Comment #############################################################
@Comment Mormons' resources
@Comment #############################################################


@Comment #########################################
@Comment 2021 year
@Comment #########################################













@Comment #############################################################
@Comment Mormon Stories Podcast
@Comment #############################################################


@Comment ###################################################
@Comment 2014 year
@Comment ###################################################


@online{ MSP-The-Genesis-of-the-CSE-ETC-Part-I-Ep-480-Ver-2014,
  author =	 {Mormon Stories Podcast},
  title =	 {The~Genesis~of the~CES Letter~-- Jeremy Runnells;
                  Part~I; Ep.~480},
  year =	 2014,
  url =		 {https://www.youtube.com/watch?v=_nMadctXvMg},
  urldate =	 {2024-07-20},
}



@online{ MSP-CSE-Letter-Discussed-in-Detail-ETC-Part-II-Ep-481-Ver-2014,
  author =	 {Mormon Stories Podcast},
  title =	 {CES Letter Discussed in~Detail~-- Jeremy Runnells;
                  Part~II; Ep.~481},
  year =	 2014,
  url =		 {https://www.youtube.com/watch?v=YVsBWpn8eBU},
  urldate =	 {2024-08-31},
}



@online{ MSP-Reactions-to-CES-Letter-ETC-Part-III-Ep-482-Ver-2014,
  author =	 {Mormon Stories Podcast},
  title =	 {Reactions to~CES Letter~-- Jeremy Runnells;
                  Part~III; Ep.~482},
  year =	 2014,
  url =		 {https://www.youtube.com/watch?v=GjJJ9Rl-9_Y},
  urldate =	 {2024-09-17},
}










@Comment ###################################################
@Comment 2018 year
@Comment ###################################################


@online{ MSP-Smiths-First-Vision-and-how-ETC-Part-I-Ep-944-Ver-2018,
  author =	 {Mormon Stories Podcast},
  title =	 {Smith's First Vision, and how the Church and
                  Apologists Mislead; Part~I; Ep.~944},
  year =	 2018,
  url =		 {https://www.youtube.com/watch?v=3LQY5EytqLg},
  urldate =	 {2024-07-20},
}



@online{ MSP-Smiths-First-Vision-and-how-ETC-Part-II-Ep-945-Ver-2018,
  author =	 {Mormon Stories Podcast},
  title =	 {Smith's First Vision, and how the Church and
                  Apologists Mislead; Part~II; Ep.~945},
  year =	 2018,
  url =		 {https://www.youtube.com/watch?v=UOVPoPSbLF4},
  urldate =	 {2024-07-20},
}










@Comment ###################################################
@Comment 2019 year
@Comment ###################################################


@online{ MSP-Joseph-Smiths-Treasure-Digging-ETC-Part-I-Ep-1054-Ver-2019,
  author =	 {Mormon Stories Podcast},
  title =	 {Joseph Smith's Treasure Digging~-- Dan Vogel;
                  Part~I; Ep.~1054},
  year =	 2019,
  url =		 {https://www.youtube.com/watch?v=aMUjxGj3v6I},
  urldate =	 {2024-07-20},
}



@online{ MSP-Joseph-Smiths-Treasure-Digging-ETC-Part-II-Ep-1055-Ver-2019,
  author =	 {Mormon Stories Podcast},
  title =	 {Joseph Smith's Treasure Digging~-- Dan Vogel;
                  Part~II; Ep.~1055},
  year =	 2019,
  url =		 {https://www.youtube.com/watch?v=DwxUGs7wyes},
  urldate =	 {2024-07-20},
}



@online{ MSP-How-the-Book-of-Mormon-was-Created-ETC-Part-I-Ep-1056-Ver-2019,
  author =	 {Mormon Stories Podcast},
  title =	 {How the~Book~of Mormon was Created~-- Dan Vogel;
                  Part~I; Ep.~1056},
  year =	 2019,
  url =		 {https://www.youtube.com/watch?v=t78cXByyfpI},
  urldate =	 {2024-07-20},
}



@online{ MSP-How-the-Book-of-Mormon-was-Created-ETC-Part-II-Ep-1057-Ver-2019,
  author =	 {Mormon Stories Podcast},
  title =	 {How the~Book~of Mormon was Created~-- Dan Vogel;
                  Part~II; Ep.~1057},
  year =	 2019,
  url =		 {https://www.youtube.com/watch?v=to2LH4mk4f8},
  urldate =	 {2024-07-20},
}



@online{ MSP-Book-of-Mormon-Authorship-ETC-Part-I-Ep-1006-Ver-2019,
  author =	 {Mormon Stories Podcast},
  title =	 {Book~of Mormon Autorship w/~Dan Vogel; Part~I;
                  Ep.~1066},
  year =	 2019,
  url =		 {https://www.youtube.com/watch?v=EZ2elBaG0VI},
  urldate =	 {2024-07-20},
}



@online{ MSP-Book-of-Mormon-Autorship-ETC-Part-II-Ver-2019,
  author =	 {Mormon Stories Podcast},
  title =	 {Book~of Mormon Autorship w/~Dan Vogel; Part~II;
                  Ep.~1067},
  year =	 2019,
  url =		 {https://www.youtube.com/watch?v=rfrsupxCuE4},
  urldate =	 {2024-07-20},
}



@online{ MSP-Dan-Vogel-The-Book-of-Mormon-as-ETC-Part-I-Ep-1068-Ver-2019,
  author =	 {Mormon Stories Podcast},
  title =	 {Dan Vogel~-- The Book~of Mormon as "Revelation" Instead of
                  "Translation"; Part~I; Ep.~1068},
  year =	 2019,
  url =		 {https://www.youtube.com/watch?v=eJV_B2JZZ-4},
  urldate =	 {2024-07-20},
}



@online{ MSP-Dan-Vogel-The-Book-of-Mormon-as-ETC-Part-II-Ep-1069-Ver-2019,
  author =	 {Mormon Stories Podcast},
  title =	 {Dan Vogel~-- The Book~of Mormon as "Revelation" Instead of
                  "Translation"; Part~II; Ep.~1069},
  year =	 2019,
  url =		 {https://www.youtube.com/watch?v=DgRf0zyehFA},
  urldate =	 {2024-07-20},
}










@Comment ###################################################
@Comment 2020 year
@Comment ###################################################


@online{ MSP-Ezra-Taft-Benson-and-the-Making-ETC-Part-I-Ep-1350-Ver-2020,
  author =	 {Mormon Stories Podcast},
  title =	 {Ezra Taft Benson and the Making of the Mormon Right
                  (Matt Harris); Part~I; Ep.~1350},
  year =	 2020,
  url =		 {https://www.youtube.com/watch?v=PQ9MNpmwpZY},
  urldate =	 {2024-07-23},
}



@online{ MSP-Ezra-Taft-Benson-and-the-Making-ETC-Part-II-Ep-1351-Ver-2020,
  author =	 {Mormon Storeis Podcast},
  title =	 {Ezra Taft Benson and the Making of the Mormon Right
                  (Matt Harris); Part~II; Ep.~1351},
  year =	 2020,
  url =		 {https://www.youtube.com/watch?v=wvwWO60WkWo},
  urldate =	 {2024-07-23},
}










@Comment ###################################################
@Comment 2021 year
@Comment ###################################################


@online{ MSP-Questions-I-Would-Ask-Richard-Bushman-ETC-Ep-1441-Ver-2021,
  author =	 {MormonStories Podcast},
  title =	 {Questions I~Would Ask Richard Bushman~-- By~John
                  Dehlin; Ep.~1441},
  year =	 2021,
  url =		 {https://www.youtube.com/watch?v=ySz56doTEKU},
  urldate =	 {2024-07-20},
}



@online{ MSP-The-Life-of-Historian-Fawn-McKay-Brodie-ETC-EP-1498-Ver-2021,
  author =	 {Mormon Stories Podcast},
  title =	 {The Life of Historian Fawn McKay Brodie with Newell
                  Bringhurts; Ep.~1498},
  year =	 2021,
  url =		 {https://www.youtube.com/watch?v=if765B_gc50},
  urldate =	 {2024-07-20},
}










@Comment ###################################################
@Comment 2022 year
@Comment ###################################################


@online{ MSP-Sandra-Tanners-Journey-with-the-Book-ETC-Ep-1578-Ver-2022,
  author =	 {Mormon Stories Podcast},
  title =	 {Sandra Tanner's Journey with the~Book~of Mormon~--
                  An~Interview with Chris Thomas; Ep.~1578},
  year =	 2022,
  url =		 {https://www.youtube.com/watch?v=MsbAqE5Nd2k},
  urldate =	 {2024-07-21},
}










@Comment ###################################################
@Comment 2023 year
@Comment ###################################################


@online{ MSP-A-Black-Teenager-Joins-the-Mormon-Church-ETC-Ep-1712-Ver-2023,
  author =	 {Mormon Stories-Podcast},
  title =	 {A~Black Teenager Joins the Mormon Church~-- Channel
                  Achenbach; Part~I; Ep.~1712},
  year =	 2023,
  url =		 {https://www.youtube.com/watch?v=zbyGhOXVSqE},
  urldate =	 {2024-07-20},
}



@online{ MSP-1970s-Tension-Between-LDS-Historians-ETC-Ep-1738-Ver-2023,
  author =	 {Mormon Stories Podcast},
  title =	 {1970s Tensions Between LDS Historians and~Critics~--
                  Unveiling dr.~Clandestine; Ep. 1738},
  year =	 2023,
  url =		 {https://www.youtube.com/watch?v=rh5k5F8fh_s},
  urldate =	 {2024-07-23},
}



@online{ MSP-Polygamy-Under-Joseph-Smith-ETC-Ep-1815-Ver-2023,
  author =	 {Mormon Stories Podcast},
  title =	 {Polygamy Under Joseph Smith; w/ Lindsay Hansen Park
                  \&~Bryan Buchanan; Ep.~1815},
  year =	 2023,
  url =		 {https://www.youtube.com/watch?v=uPukJiqc4wE},
  urldate =	 {2024-07-20},
}



@online{ MSP-Polygamy-Under-Brighma-Young-ETC-Ep-1834-Ver-2023,
  author =	 {Mormon Stories Podcast},
  title =	 {Polygamy Under Brighma Young; w/ Lindsay Hansen Park
                  \&~Bryan Buchanan; Ep.~1834},
  year =	 2023,
  url =		 {https://www.youtube.com/watch?v=fEHeS_XNyac},
  urldate =	 {2024-07-20},
}










@Comment ###################################################
@Comment 2024 year
@Comment ###################################################


@online{ MSP-Not-One-Drop-of-African-Blood-Brigham-ETC-Ep-1906-Ver-2024,
  author =	 {Mormon Stories Podcast},
  title =	 {"Not One-Drop"~of African Blood~-- Brigham Young's
                  Curse~of Cain Doctrine; Ep.~1906},
  year =	 2024,
  url =		 {https://www.youtube.com/watch?v=OfvJTA1jjlc},
  urldate =	 {2025-07-15},
}



@online{ MSP-Top-Mormon-Historian-Admits-CES-Letter-ETC-Ep-1934-Ver-2024,
  author =	 {Mormon Stories Podcast},
  title =	 {Top Mormon Historian Admits CES Letter has
                  Validity~-- Richard Bushman; Ep.~1934},
  year =	 2024,
  url =		 {https://www.youtube.com/watch?v=_T13dVy3izM},
  urldate =	 {2024-09-17},
}










@Comment ###################################################
@Comment 2025 year
@Comment ###################################################


@online{ MSP-Joseph-Smiths-Family-of-Origin-ETC-Part-I-Ep-2023-Ver-2025,
  author =	 {Mormon Stories Podcast},
  title =	 {Joseph Smith's Family~of Origin~-- Dr.~John Turner;
                  Part~I; Ep.~2023},
  year =	 2025,
  url =		 {https://www.youtube.com/watch?v=DuPax_51l60},
  urldate =	 {2025-07-15},
}



@online{ MSP-Treasure-Digging-and-the-First-ETC-Part-II-Ep-2026-Ver-2025,
  author =	 {Mormon Stories Podcast},
  title =	 {Treasure Digging \&~the~First Vision~-- Dr.~John Turner;
                  Part~II; Ep.~2026},
  year =	 2025,
  url =		 {https://www.youtube.com/watch?v=StncwKuMzLs},
  urldate =	 {2025-07-18},
}



@online{ MSP-Martin-and-Lucy-Harris-and-ETC-Part-III-Ep-2028-Ver-2025,
  author =	 {Mormon Stories Podcast},
  title =	 {Martin \&~Lucy Harris and the~Lost~116 Pages~of
                  the~Book~of Mormon~-- Dr.~John Turner; Part~III;
                  Ep.~2028},
  year =	 2025,
  url =		 {https://www.youtube.com/watch?v=3f2khKq8VR4},
  urldate =	 {2025-07-19},
}



@online{ MSP-Did-Joseph-Smith-Use-Golden-ETC-Part-IV-Ep-2030-Ver-2025,
  author =	 {Mormon Stories Podcast},
  title =	 {Did Joseph Smith Use Golden Plates to~Translate
                  the~Book~of Mormon?~-- Dr.~John Turner; Part~IV;
                  Ep.~2030},
  year =	 2025,
  url =		 {https://www.youtube.com/watch?v=gZ3INpl5BBE},
  urldate =	 {2025-07-19},
}



@online{ MSP-Did-the-Book-of-Mormon-Witnesses-ETC-Part-V-Ep-2033-Ver-2025,
  author =	 {Mormon Stories Podcast},
  title =	 {Did the~Book~of Mormon Witnesses See Gold Plates?~--
                  Dr.~John Turner; Part~V; Ep.~2033},
  year =	 2025,
  url =		 {https://www.youtube.com/watch?v=3OPJcdisgJI},
  urldate =	 {2025-07-20},
}



@online{ MSP-Book-of-Mormon-Historical-or-19th-ETC-Part-VI-Ep-2037-Ver-2025,
  author =	 {Mormon Stories Podcast},
  title =	 {Book~of Mormon: Historical or 19th Century Text?~--
                  Dr.~John Turner; Part~VI; Ep.~2037},
  year =	 2025,
  url =		 {https://www.youtube.com/watch?v=YC7oocH-H7I},
  urldate =	 {2025-07-22},
}



@online{ MSP-Book-of-Mormon-Historical-or-19th-ETC-Part-VII-Ep-2039-Ver-2025,
  author =	 {Mormon Stories Podcast},
  title =	 {Joseph Smith's Early Opposition \&~Forgotten Critis~--
                  Dr.~John Turner; Part~VII; Ep.~2039},
  year =	 2025,
  url =		 {https://www.youtube.com/watch?v=3X-laqMIblA},
  urldate =	 {2025-07-29},
}



@online{ MSP-Joseph-Smith-Prepares-Church-ETC-Part-VIII-Ep-2043-Ver-2025,
  author =	 {Mormon Stories Podcast},
  title =	 {Joseph Smith Prepares Church for~Second Coming~of Jesus~--
                  Dr.~John Turner; Part~VIII; Ep.~2043},
  year =	 2025,
  url =		 {https://www.youtube.com/watch?v=sfvL37TQdWw},
  urldate =	 {2025-08-01},
}










@Comment ###################################################
@Comment LDS Discussion
@Comment ###################################################


@Comment #########################################
@Comment 2022 year
@Comment #########################################


@online{ LDS-Discussions-Joseph-Smith-and-Treasure-Digging-Ep-01-Ver-2022,
  author =	 {LDS Discussions},
  title =	 {Joseph Smith and Treasure Digging; Ep.~1575; LDS
                  Discussions, ep.~01},
  year =	 2022,
  url =		 {https://www.youtube.com/watch?v=6p7gAxwsM_k},
  urldate =	 {2025-07-15},
  note =	 {Mormon Stories Podcast},
}



@online{ LDS-Discussions-Book-Golden-Plates-and-ETC-Ep-02-Ver-2022,
  author =	 {LDS Discussions},
  title =	 {Golden Plates and the~Book~of Mormon; Ep.~1583; LDS
                  Discussions, ep.~02},
  year =	 2022,
  url =		 {https://www.youtube.com/watch?v=SpACeC3i85Q},
  urldate =	 {2025-07-15},
  note =	 {Mormon Stories Podcast},
}



@online{ LDS-Discussions-Book-of-Mormon-Translation-Ep-03-Ver-2022,
  author =	 {LDS Discussion},
  title =	 {Book of Mormon Translation; Ep.~1585; LDS
                  Discussions, ep.~03},
  year =	 2022,
  url =		 {https://www.youtube.com/watch?v=NB8WE6ipM4k},
  urldate =	 {2025-07-15},
  note =	 {Mormon Stories Podcast},
}



@online{ LDS-Discussions-The-Lost-116-Pages-Ver-Ep-04-Ver-2022,
  author =	 {LDS Discussions},
  title =	 {The~Lost 166 Pages; Ep.~1590; LDS Discussion,
                  ep.~04},
  year =	 2022,
  url =		 {https://www.youtube.com/watch?v=ZOAvATubAO8},
  urldate =	 {2024-07-21},
  note =	 {Mormon Stories Podcast},
}



@online{ LDS-Discussions-Tight-vs-Loose-Translation-ETC-Ver-Ep-06-Ver-2022,
  author =	 {LDS Discussions},
  title =	 {Tight vs Loose Translation~of the~Book~of Mormon;
                  Ep.~1599; LDS Discussions, ep~06},
  year =	 2022,
  url =		 {https://www.youtube.com/watch?v=DfpNgc_5Yu0},
  urldate =	 {2025-07-15},
  note =	 {Mormon Stories Podcast},
}










@Comment #########################################
@Comment 2023 year
@Comment #########################################


@online{ LDS-Discussions-Did-Brigham-Young-Transform-ETC-Ep-42-Ver-2023,
  author =	 {LDS Discussions},
  title =	 {Did Brigham Young Transform Into Joseph Smith?;
                  Ep.~1783; LDS Discussions, ep.~42},
  year =	 2023,
  url =		 {https://www.youtube.com/watch?v=uVdOZzgeyG0},
  urldate =	 {2025-07-15},
  note =	 {Mormon Stories Podcast},
}










@Comment #############################################################
@Comment Understanding Mormonism with Dr. John Dehlin
@Comment #############################################################


@Comment ###################################################
@Comment 2020 year
@Comment ###################################################


@online{ Understanding-Mormonism-ETC-Did-Joseph-Smmith-use-ETC-Ver-2020,
  author =	 {Understanding Mormonism with Dr.~John Dehlin},
  title =	 {Did Joseph Smith use a~Seer Stone to~translate
                  the~Book~of Mormon?},
  year =	 2020,
  url =		 {https://www.youtube.com/watch?v=W_DS4YmYK8Q},
  urldate =	 {2025-07-24},
}



@online{ Understanding-Mormonism-ETC-How-Many-Wives-Did-ETC-Ver-2020,
  author =	 {Understanding Mormonism with Dr.~John Dehlin},
  title =	 {How Many Wives Did Joseph Smith Have?~-- Polygamy
                  \&~polyandry},
  year =	 2020,
  url =		 {https://www.youtube.com/watch?v=YQwCLO_R23Q},
  urldate =	 {2025-07-15},
}



@online{ Understanding-Mormonism-ETC-Was-Joseph-Smiths-ETC-Ver-2020,
  author =	 {Understanding Mormonism with Dr.~John Dehlin},
  title =	 {Was Joseph Smith's Treasure Diggin Fraudulent?~--
                  Seer Stone},
  year =	 2020,
  url =		 {https://www.youtube.com/watch?v=fWjwft5PldE},
  urldate =	 {2025-07-15},
}



@online{ Understanding-Mormonism-ETC-What-is-the-best--ETC-Ver-2020,
  author =	 {Understanding Mormonism with Dr.~John Dehlin},
  title =	 {What is the~best Joseph Smith biography?},
  year =	 2020,
  url =		 {https://www.youtube.com/watch?v=oBCGcj3kN1E},
  urldate =	 {2025-07-24},
}










@Comment ###################################################
@Comment 2021 year
@Comment ###################################################


@online{ Understanding-Mormonism-ETC-My-Reactions-to-The-CES-ETC-Ver-2021,
  author =	 {Understanding Mormonism with Dr.~John Dehlin},
  title =	 {My~Reactions to The~CES Letter~-- Haleigh Everts},
  year =	 2021,
  url =		 {https://www.youtube.com/watch?v=EPfEtdyruLw},
  urldate =	 {2024-07-14},
}
