@Comment #############################################################
@Comment #############################################################
@Comment Religions, books
@Comment #############################################################
@Comment #############################################################


@Comment #############################################################
@Comment Judaism
@Comment #############################################################


@book{ Eisenberg-Judaizm-Pub-1999,
  author =	 {Josy Eisneberg},
  title =	 {Judaizm},
  publisher =	 {Cyklady},
  address =	 {Warszawa},
  year =	 1999,
  edition =	 {I},
  isbn =	 {83-86859-43-1},
  note =	 {Tłumaczyły Ireana Stąpor, Ewa Wolańska},
}




@Comment @article{ ,
@Comment   author =	 {},
@Comment   title =	 {},
@Comment   journal =	 {},
@Comment   year =	 ,
@Comment   volume =	 ,
@Comment   number =	 ,
@Comment   pages =	 {},
@Comment   doi =		 {},
@Comment }










@Comment #############################################################
@Comment Protestantism
@Comment #############################################################



@Comment ###############################
@Comment Reformed theology
@Comment ###############################


@book{ Sproul-Reason-to-believe-Pub-1982,
  author =	 {R.C. Sproul},
  title =	 {Reson to~believe. A~response to~common objections
                  to~Christianity},
  publisher =	 {Zondervan},
  address =	 {Grand Rapids},
  year =	 1982,
}