@Comment #############################################################
@Comment #############################################################
@Comment Religions, online resources
@Comment #############################################################
@Comment #############################################################



@online{ The-Counsel-of-Trent-4-Awful-Christian-Best-Sellers-Ver-2024,
  author =	 {The~Counsel~of Trent},
  title =	 {4~Awful Christian Best-Sellers},
  year =	 2024,
  url =		 {https://www.youtube.com/watch?v=9KWFxqjiG1o},
  urldate =	 {15-IX-2024},
}










@Comment #############################################################
@Comment Christianity and politics
@Comment #############################################################


@online{ Acton-Institute-How-should-Christians-engage-ETC-Ver-2020,
  author =	 {Acton Institute},
  title =	 {How should Christians engage the~world?
                  In~conversation with Abraham Kuyper},
  year =	 2020,
  url =		 {https://www.youtube.com/watch?v=wm_4C7C_cvw},
  urldate =	 {21-VIII-2024},
}



@online{ Catholic-Culture-God-and-the-City-DC-Schindler-Ver-2024,
  author =	 {Catholic Culture},
  title =	 {God and the~City~-- D.C. Schindler; Ep. 176},
  year =	 2024,
  url =		 {https://www.youtube.com/watch?v=I7j-3PGSMv8},
  urldate =	 {18-IX-2024},
}



@online{ Lee-Thorp-Dr-Matrin-Luther-King-Jr-and-Catholic-ETC-Ver-2024,
  author =	 {Karen Lee-Thorp},
  title =	 {Dr. Martin Luther King, Jr. and Catholic social
                  teaching},
  year =	 2024,
  url =
                  {https://www.occatholic.com/dr-martin-luther-king-jr-and-catholic-social-teaching/},
  urldate =	 {21-IX-2024},
  note =	 {Orange County Catholic},
}



@online{ Schindler-America-as-a-Theologico-Political-ETC-Ver-2023,
  author =	 {D.C. Schindler},
  title =	 {America as~a~Theologico-Political Problem},
  year =	 2023,
  url =		 {https://www.youtube.com/watch?v=HxvyPlDtzwA},
  urldate =	 {19-IX-2024},
  note =	 {Benedictine College Lectures},
}






@Comment #############################################################
@Comment Christianity and science
@Comment #############################################################


@online{ Pints-With-Aquinas-Lets-Talk-About-Evolution-Ver-2020,
  author =	 {Pints With Aquinas},
  title =	 {Let's Talk About Evolution\ldots},
  year =	 2022,
  url =		 {https://www.youtube.com/watch?v=rYeu7wtO-0o},
  urldate =	 {11-VIII-2024},
}



@online{ Tabaczek-Dominicans-at-the-Forefront-ETC-Ver-2014,
  author =	 {Mariusz Tabaczek OP},
  title =	 {Dominicans at the~forefront~of experimental science},
  year =	 2014,
  url =
                  {https://mariopblog.wordpress.com/2014/04/09/dominicans-at-the-forefront-of-experimental-science/},
  urldate =	 {23-VII-2024},
}



@online{ Tabaczek-Hegel-and-Whitehead-Part-I-Panentheism-Ver-2014,
  author =	 {Mariusz Tabaczek OP},
  title =	 {Hegel and Whitehead. Part~1: Panentheism},
  year =	 2014,
  url =
                  {https://mariopblog.wordpress.com/2014/02/02/hegel-whitehead-part-1-panentheism/},
  urldate =	 {22-VII-2024},
}



@online{ Tabaczek-Ian-G-Barbour-1923-2013-in-memoriam-Ver-2014,
  author =	 {Mariusz Tabaczek OP},
  title =	 {Ian G.~Barbour 1923-2013 in memoriam},
  year =	 2014,
  url =
                  {https://mariopblog.wordpress.com/2014/01/15/ian-g-barbour-1923-2013-in-memoriam/},
  urldate =	 {22-VII-2024},
}



@online{ Tabaczek-Natural-selection-in-Aristotle-and-Aquinas-Ver-2014,
  author =	 {Mariusz Tabaczek OP},
  title =	 {Natural selection in Aritotle and Aquainas},
  year =	 2014,
  url =
                  {https://mariopblog.wordpress.com/2014/02/16/natural-selection-in-aristotle-and-aquinas/},
  urldate =	 {23-VII-2024},
}




@online{ Tabaczek-The-nature-of-scientific-growth-Ver-2014,
  author =	 {Mariusz Tabaczek OP},
  title =	 {The nature of scientific growth},
  year =	 2014,
  url =
                  {https://mariopblog.wordpress.com/2014/01/22/nature-of-scientific-growth/},
  urldate =	 {22-VII-2024},
}



@online{ Tabaczek-To-begin-with-Ver-2014,
  author =	 {Mariusz Tabaczek OP},
  title =	 {To begin with\ldots},
  year =	 2014,
  url =
                  {https://mariopblog.wordpress.com/2014/01/12/to-begin-with/},
  urldate =	 {21-VII-2024},
}







@online{ Tabaczek-We-are-all-metaphysicains-Ver-2014,
  author =	 {Mariusz Tabaczek OP},
  title =	 {We are all metaphysicians\ldots},
  year =	 2014,
  url =
                  {https://mariopblog.wordpress.com/2014/01/17/we-are-all-metaphysicians/},
  urldate =	 {22-VII-2024},
}


















@online{ -Ver-2014,
  author =	 {Mariusz Tabaczek OP},
  title =	 {},
  year =	 2014,
  url =
                  {},
  urldate =	 {22-VII-2024},
}



@online{ -Ver-2014,
  author =	 {Mariusz Tabaczek OP},
  title =	 {},
  year =	 2014,
  url =
                  {},
  urldate =	 {22-VII-2024},
}



@online{ -Ver-2014,
  author =	 {Mariusz Tabaczek OP},
  title =	 {},
  year =	 2014,
  url =
                  {},
  urldate =	 {22-VII-2024},
}



@online{ -Ver-2014,
  author =	 {Mariusz Tabaczek OP},
  title =	 {},
  year =	 2014,
  url =		 {},
  urldate =	 {22-VII-2024},
}



@online{ Tabaczek-Teoria-ewolucji-a-teologia-ETC-Ver-2024,
  author =	 {Mariusz Tabaczek OP},
  title =	 {Teoria ewolucji, a~teologia świętego Tomasza
                  z~Akwinu},
  year =	 2024,
  url =		 {https://www.youtube.com/watch?v=21EPKA6x-ak},
  urldate =	 {23-VII-2024},
  note =	 {72.dominikanie},
}










@Comment #############################################################
@Comment Christian in Japan
@Comment #############################################################


@online{ Radical-Why-Japan-Rejects-Foregin-Religions-ETC-Ver-2024,
  author =	 {Radical},
  title =	 {Why Japan Rejects Foregin Religions (like Christianity)},
  year =	 2024,
  url =		 {https://www.youtube.com/watch?v=UvxjG5wGVcY},
  urldate =	 {25-VIII-2024},
}










@Comment #############################################################
@Comment Christian living
@Comment #############################################################


@online{ The-Counsel-of-Trent-Ask-my-wife-anything-Ver-2024,
  author =	 {The~Counsel~of Trent},
  title =	 {Ask my wife anything!},
  year =	 2022,
  url =		 {https://www.youtube.com/watch?v=CtJP7CaALMI},
  urldate =	 {19-VIII-2024},
}










@Comment #############################################################
@Comment Islam
@Comment #############################################################


@online{ A-Nigerian-Perspective-ETC-How-ISLAM-Treats-WOMAN-Ver-2023,
  author =	 {A~Nigerian Perspective With Frank Stephen},
  title =	 {How ISLAM Treats WOMEN},
  year =	 2023,
  url =		 {https://www.youtube.com/watch?v=QBfcI0xMru0},
  urldate =	 {30-VIII-2024},
}



@online{ A-Nigerian-Perspective-ETC-Peace-Lovers-KIDNAPPED-160-ETC-Ver-2024,
  author =	 {A~Nigerian Perspective With Frank Stephen},
  title =	 {Peace Lovers KIDNAPPED 160 in~Nigeria \& More;
                  Nigeria Perspective LIVE},
  year =	 2024,
  url =		 {https://www.youtube.com/watch?v=J2C94NdqRCQ},
  urldate =	 {20-VIII-2024},
}










@Comment #############################################################
@Comment Jews and Christianity
@Comment #############################################################


@online{ Taphorn-From-the-Vault-Christian-Zionism-ETC-Part-1-Ver-2024,
  author =	 {Gary Taphorn},
  title =	 {From the~Vault: Christian Zionism~-- America's Dance
                  with the~Devil},
  year =	 2024,
  url =
                  {https://catholicfamilynews.com/blog/2024/08/19/from-the-vault-christian-zionism-americas-dance-with-the-devil/},
  urldate =	 {21-VIII-2024},
  note =	 {Catholic Family NEWS},
}










@Comment #############################################################
@Comment West Euroasia pre-Christian religions
@Comment #############################################################


@online{ -ETC-Ver-2024,
  author =	 {Muzeum Początków Państwa Polskiego w~Gnieźnie},
  title =	 {Religia(e) Słowian. Interpretacje i~nadinterpretacje
                  dawnych słowiańskich wierzeń},
  year =	 2024,
  url =		 {https://www.youtube.com/watch?v=WXa1IIVsLEc},
  urldate =	 {11-VIII-2024},
}










@Comment #############################################################
@Comment Orthodox Christianity
@Comment #############################################################


@online{ Podcast-OSW-Gra-wokol-Cerwki-w-Moldawi-Ver-2023,
  author =	 {Podcast Ośrodka Studiów Wschodnich},
  title =	 {Gra wokół Cerkwi w~Mołdawii. Mołdawia, Rosja
                  i~Cerkiew Prawosławna},
  year =	 2023,
  url =		 {https://www.youtube.com/watch?v=bQCP4Eac3ZE},
  urldate =	 {12-IX-2024},
}



@online{ Podroz-bez-Paszportu-Cerkiew-prawoslawna-ETC-Ver-2023,
  author =	 {Podróż bez Paszportu},
  title =	 {Cerkiew prawosławna na~Ukrainie. Wojna również
                  religijna; dr~Andrzej Szabaciuk},
  year =	 2023,
  url =		 {https://www.youtube.com/watch?v=2trcxJoDodo},
  urldate =	 {23-IX-2024},
}



@online{ The-Orthodox-Christian-ETC-A-Vanishing-Point-ETC-Ver-2024,
  author =	 {},
  title =	 {},
  year =	 2024,
  url =		 {},
  urldate =	 {23-VII-2024},
  note =	 {72.dominikanie},
}










@Comment #############################################################
@Comment Protestantims
@Comment #############################################################













@Comment #########################################
@Comment Protestantims, XX and XXI century
@Comment #########################################


@online{ Smith-Top-5-Differences-Between-the-New-Perspective-ETC-Ver-2021,
  author =	 {Caleb Smith},
  title =	 {Top~5 Differences Between the New Perspective and
                  the~Old Perspective},
  year =	 2021,
  url =		 {https://www.youtube.com/watch?v=RnnsFBlC81k},
  urldate =	 {26-IX-2024},
}














@Comment #############################################################
@Comment Protestantims in the United States of America
@Comment #############################################################


@online{ Seedbed-Where-Did-Rapture-Theology-Come-From-ETC-Ver-2014,
  author =	 {Seedbed},
  title =	 {Where Did Rapture Theology Come From? Ben
                  Witherington~III},
  year =	 2014,
  url =		 {https://www.youtube.com/watch?v=d_cVXdr8mVs},
  urldate =	 {26-IX-2024},
}










@Comment #########################################
@Comment Protestantims, XVIII and XIX century
@Comment #########################################






@Comment #########################################
@Comment Protestantims, XX and XXI century
@Comment #########################################






@Comment #########################################
@Comment Protestantism in the United States of America, XIX-XX century
@Comment #########################################


@online{ Acton-Institute-Richard-Nixons-Faith-Ver-2024,
  author =	 {Acton Institute},
  title =	 {Richard Nixon's Faith},
  year =	 2024,
  url =		 {https://www.youtube.com/watch?v=cwWW931pd04},
  urldate =	 {25-VIII-2024},
}



@online{ Gray-Martin-Luther-King-and-Planned-Parenthood-Ver-2023,
  author =	 {David L. Gray},
  title =	 {Martin Luther King and Planned Parenthood},
  year =	 2023,
  url =
                  {https://onepeterfive.com/martin-luther-king-planned-parenthood/},
  urldate =	 {12-VII-2024},
}



@online{ Gray-Martin-Luther-King-Jr-Worked-for-Satan-ETC-Ver-2023,
  author =	 {David L. Gray},
  title =	 {Martin Luther King Jr. Worked for Satan~-- Stop
                  Idolizing Him!; The David L.~Gray Show},
  year =	 2023,
  url =		 {https://www.youtube.com/watch?v=MB5Hy__-Q94},
  urldate =	 {18-IX-2024},
}










@Comment #########################################
@Comment Protestantism in the United States of America, XX-XXI century
@Comment #########################################


@online{ Alliance-of-ETC-Why-do-Protestants-convert-Ver-2024,
  author =	 {Alliance of Confessing Evangelicals},
  title =	 {Why do Protestants convert?},
  year =	 2024,
  url =		 {https://www.youtube.com/watch?v=3HlNpCcNUS8},
  urldate =	 {12-VII-2024},
}



@online{ Chalk-All-protestants-are-progressives-Ver-2024,
  author =	 {Casey Chalk},
  title =	 {All Protestans Are Progressives},
  year =	 2024,
  url =
                  {https://crisismagazine.com/opinion/all-protestants-are-progressives},
  urldate =	 {12-VII-2024},
}



@online{ Cooper-Five-Problems-with-Limited-Atonement-Ver-2017,
  author =	 {Dr. Jordan B Cooper},
  title =	 {Five~Problems with Limited Atonement},
  year =	 2017,
  url =		 {https://www.youtube.com/watch?v=RSAfmvRKIVU},
  urldate =	 {29-IX-2024},
}



@online{ Cooper-Five-Problems-with-Limited-Atonement-Ver-2017,
  author =	 {Dr. Jordan B Cooper},
  title =	 {Five~Problems with Limited Atonement},
  year =	 2017,
  url =		 {https://www.youtube.com/watch?v=RSAfmvRKIVU},
  urldate =	 {4-X-2024},
}



@online{ Cooper-Five-Problems-with-the-Ratpure-Ver-2017,
  author =	 {Dr. Jordan B Cooper},
  title =	 {Five~Problems with the~Rapture},
  year =	 2017,
  url =		 {https://www.youtube.com/watch?v=b4mjqj0Mcms},
  urldate =	 {27-VII-2024},
}



@online{ Got-Questions-org-What-is-the-difference-between-ETC-Ver-2024,
  author =	 {GotQuestions.org},
  title =	 {What is the~difference between \textit{sola
                  Scriptura} and \textit{solo Scirputra}?},
  year =	 2024,
  url =
                  {https://www.gotquestions.org/sola-solo-scriptura.html},
  urldate =	 {12-IX-2024},
}



@online{ Gospel-Simplicity-Exploring-why-ETC-Ver-2024,
  author =	 {Gospel Simplicity},
  title =	 {Exploring why Porestants-become Catholic; w/ Dr
                  Chris Castaldo},
  year =	 2024,
  url =		 {https://www.youtube.com/watch?v=oqza8HgvhdU},
  urldate =	 {12-VII-2024},
}



@online{ Helopoulos-Is-Scriputre-Alone-the-Same-Thing-ETC-Ver-2019,
  author =	 {Jason Helopoulos},
  title =	 {Is~Scripture Alone the~Same Thing as~Scripture
                  Only?},
  year =	 2019,
  url =
                  {https://tabletalkmagazine.com/posts/is-scripture-alone-the-same-thing-as-scripture-only/},
  urldate =	 {14-IX-2024},
}



@online{ Ligonier-Minstries-Scripute-Alone-What-Is-Reformed-ETC-Ver-2015,
  author =	 {Ligonier Mistries},
  title =	 {Scripture Alone: What is~Reformed Theology? With
                  R.C.~Sproul},
  year =	 2015,
  url =		 {https://www.youtube.com/watch?v=JfRAjJav06s},
  urldate =	 {25-VIII-2024},
}



@online{ MacArthur-What-Does-Sola-Scriptura-Mean-Ver-2021,
  author =	 {John MacArthur},
  title =	 {What Does "Sola Scriptura" Mean?},
  year =	 2021,
  url =
                  {https://www.ligonier.org/learn/articles/what-does-sola-scriptura-mean},
  urldate =	 {13-IX-2024},
}



@online{ RZ-Why-Im-QUITTING-Protestant-apologetics-Ver-2024,
  author =	 {Redeemed Zoomer},
  title =	 {Why I'm QUITTING Protestant apologetics},
  year =	 2024,
  url =		 {https://www.youtube.com/watch?v=yyDpjQ8fG0A},
  urldate =	 {22-IX-2024},
}



@online{ Spirit-and-Truth-Where-did-the-word-Rapture-come-ETC-Ver-2018,
  author =	 {Spirit \&~Truth},
  title =	 {Where did the~word "Rapture" come from?},
  year =	 2018,
  url =		 {https://www.youtube.com/watch?v=rIoBCiRFyCA},
  urldate =	 {26-IX-2024},
}



@online{ Spirit-and-Truth-Why-do-some-people-not-believe-ETC-Ver-2014,
  author =	 {Spirit \&~Truth},
  title =	 {Why do some people not believe in The~Rapture?},
  year =	 2014,
  url =		 {https://www.youtube.com/watch?v=GLo1ngo9sSE},
  urldate =	 {26-IX-2024},
}



@online{ Seedbed-Is-the-Rapture-Biblical-Ben-Witherington-Ver-2014,
  author =	 {Seedbed},
  title =	 {Is~the~Rapture Biblical? (Ben Witherington)},
  year =	 2014,
  url =		 {https://www.youtube.com/watch?v=cg8lRGqtMHc},
  urldate =	 {26-IX-2024},
}



@online{ Seedbed-Is-the-Rapture-Biblical-Seven-Minute-ETC-Ver-2014,
  author =	 {Seedbed},
  title =	 {Is~the~Rapture Biblical: Seven Minute Seminary},
  year =	 2014,
  url =		 {https://www.youtube.com/watch?v=IiGe0mQD8O0},
  urldate =	 {26-IX-2024},
}







@online{ Seedbed-Why-Im-Not-a-Calvinist-Ben-Witherington-Ver-2013,
  author =	 {Seedbed},
  title =	 {Why I'm Not a~Calvinist (Ben Witherington)},
  year =	 2013,
  url =		 {https://www.youtube.com/watch?v=KjUYw6Vg0bQ},
  urldate =	 {26-IX-2024},
}



@online{ SBM-Why-I-Abandoned-Calvinism-Ver-2021,
  author =	 {Simple Bible Man},
  title =	 {Why I~Abandoned Calvinism},
  year =	 2021,
  url =		 {https://www.youtube.com/watch?v=LWJsWNR_0NQ},
  urldate =	 {26-IX-2024},
}



@online{ SBM-Appointed-to-Eternal-Life-Unconditional-Election-ETC-Ver-2021,
  author =	 {Simple Bible Man},
  title =	 {Appointed to~Eternal Life? (Unconditional Elction
                  Reconsidered)},
  year =	 2021,
  url =		 {https://www.youtube.com/watch?v=SzkE-OeOjOg},
  urldate =	 {4-X-2024},
}



@online{ SBM-Can-Man-Seek-God-Total-Depravity-Reconsidered-Ver-2021,
  author =	 {Simple Bible Man},
  title =	 {Can Man Seek God? Total Depravity Reconsidered},
  year =	 2021,
  url =		 {https://www.youtube.com/watch?v=3cBc0OM-TdI},
  urldate =	 {26-IX-2024},
}



@online{ Soteriology-101-ETC-Appointed-To-Eternal-Life-Ver-2020,
  author =	 {Soteriology 101 w/ Dr. Leighton Flowers},
  title =	 {Appointed To~Eternal Life?},
  year =	 2020,
  url =		 {https://www.youtube.com/watch?v=izT65o1exEQ},
  urldate =	 {4-X-2024},
}



@online{ Soteriology-101-ETC-Calvinisms-Contradictions-ETC-Ver-2019,
  author =	 {Soteriology 101 w/ Dr. Leighton Flowers},
  title =	 {Calvinism's Contradictions explained by~John MacArthur},
  year =	 2019,
  url =		 {https://www.youtube.com/watch?v=AqJjFDYT3ZY},
  urldate =	 {27-IX-2024},
}



@online{ Soteriology-101-ETC-Calvinists-are-Stumped-ETC-Ver-2021,
  author =	 {Soteriology 101 w/ Dr. Leighton Flowers},
  title =	 {Calvinists are Stumped by~Colossians 2:12},
  year =	 2021,
  url =		 {https://www.youtube.com/watch?v=ZLSRIzrJPnI},
  urldate =	 {29-IX-2024},
}



@online{ Soteriology-101-ETC-I-Was-A-Calvinist-Until-Ver-2022,
  author =	 {Soteriology 101 w/ Dr. Leighton Flowers},
  title =	 {I~Was A~Calvinist Until\ldots},
  year =	 2022,
  url =		 {https://www.youtube.com/watch?v=omgN5x2WXJk},
  urldate =	 {28-IX-2024},
}



@online{ Soteriology-101-ETC-Is-Calvinism-A-From-Of-Gnosticism-Ver-2021,
  author =	 {Soteriology 101 w/ Dr. Leighton Flowers},
  title =	 {Is~Calvinism A~Form~Of Gnosticism?},
  year =	 2021,
  url =		 {https://www.youtube.com/watch?v=kCqL6NWozEQ},
  urldate =	 {26-IX-2024},
}



@online{ Soteriology-101-ETC-Is-Total-Inability-Biblical-Ver-2015,
  author =	 {Soteriology 101 w/ Dr. Leighton Flowers},
  title =	 {Is~Total Inability Biblical?},
  year =	 2015,
  url =		 {https://www.youtube.com/watch?v=YN8EmkBet9s},
  urldate =	 {29-IX-2024},
}



@online{ Soteriology-101-ETC-James-White-vs-James-White-ETC-Ver-2018,
  author =	 {Soteriology 101 w/ Dr. Leighton Flowers},
  title =	 {James White vs James White on the~Atonement},
  year =	 2018,
  url =		 {https://www.youtube.com/watch?v=F7z6eL_A39k},
  urldate =	 {30-IX-2024},
}



@online{ Soteriology-101-ETC-John-MacArthur-Contradicts-ETC-Ver-2023,
  author =	 {Soteriology 101 w/ Dr. Leighton Flowers},
  title =	 {John MacArthur Contradicts Calvinism; Dr. Leighton
                  Flowers; Soteriology~101},
  year =	 2023,
  url =		 {https://www.youtube.com/watch?v=ApW7YF8cJPc},
  urldate =	 {27-IX-2024},
}



@online{ Soteriology-101-ETC-Lady-Asks-The-Question-ETC-Ver-2023,
  author =	 {Soteriology 101 w/ Dr. Leighton Flowers},
  title =	 {Lady Asks The~Question Most Calvinists Don't Like To
                  Answer},
  year =	 2022,
  url =		 {https://www.youtube.com/watch?v=kviodDP_8HA},
  urldate =	 {29-IX-2024},
}



@online{ Soteriology-101-ETC-NT-Wright-Addresses-Why-ETC-Ver-2023,
  author =	 {Soteriology 101 w/ Dr. Leighton Flowers},
  title =	 {N.T. Wright Addresses Why Calvinists Interpret
                  Romans~9 Incorrectly; Leighton Flowers; Calvinism},
  year =	 2023,
  url =		 {https://www.youtube.com/watch?v=bOShZSB8mMU},
  urldate =	 {27-IX-2024},
}



@online{ Soteriology-101-ETC-Popular-Calvinist-Makes-ETC-Ver-2023,
  author =	 {Soteriology 101 w/ Dr. Leighton Flowers},
  title =	 {Popular Calvinist Makes A~Stunning Admission},
  year =	 2023,
  url =		 {https://www.youtube.com/watch?v=RGdRQSpyjf8},
  urldate =	 {28-IX-2024},
}



@online{ Soteriology-101-ETC-RC-Sproul-on-Romans-9-Ver-2021,
  author =	 {Soteriology 101 w/ Dr. Leighton Flowers},
  title =	 {R.C. Sproul on Romans~9},
  year =	 2021,
  url =		 {https://www.youtube.com/watch?v=yPFL1HdRzA8},
  urldate =	 {1-X-2024},
}



@online{ Soteriology-101-ETC-Solving-Calvinisms-Cornelius-ETC-Ver-2024,
  author =	 {Soteriology 101 w/ Dr. Leighton Flowers},
  title =	 {Solving Calvinism's Cornelius Conundrum; Leighton
                  Flowers},
  year =	 2024,
  url =		 {https://www.youtube.com/watch?v=2ymgy8RxiU8},
  urldate =	 {28-IX-2024},
}



@online{ Soteriology-101-ETC-The-5-Points-that-Led-Me-ETC-Ver-2017,
  author =	 {Soteriology 101 w/ Dr. Leighton Flowers},
  title =	 {The~5 Points that Led Me Out~of Calvinism; Leighton
                  Flowers; Soteriology 101},
  year =	 2017,
  url =		 {https://www.youtube.com/watch?v=jgmJmY0-XdM},
  urldate =	 {27-IX-2024},
}



@online{ Soteriology-101-ETC-The-Main-Difference-Between-ETC-Ver-2019,
  author =	 {Soteriology 101 w/ Dr. Leighton Flowers},
  title =	 {The~Main Difference Between Calvinists and
                  Non~Calvinists with R.C. Sproul},
  year =	 2019,
  url =		 {https://www.youtube.com/watch?v=RMUnPFZIxpY},
  urldate =	 {28-IX-2024},
}



@online{ Soteriology-101-ETC-The-5-Points-that-Led-Me-ETC-Ver-2022,
  author =	 {Soteriology 101 w/ Dr. Leighton Flowers},
  title =	 {Why Limited Atonement Is~Wrong},
  year =	 2022,
  url =		 {https://www.youtube.com/watch?v=kmSZbg4XY6M},
  urldate =	 {28-IX-2024},
}



@online{ Soteriology-101-ETC-Why-I-Adopted-Then-REJECTED-ETC-Ver-2024,
  author =	 {Soteriology 101 w/ Dr. Leighton Flowers},
  title =	 {Why I~Adopted (Then REJECTED) Calvinism; Leighton
                  Flowers; @RTHenry83},
  year =	 2024,
  url =		 {https://www.youtube.com/watch?v=nSef6e62gaU},
  urldate =	 {29-IX-2024},
}










@Comment #############################################################
@Comment Russian Ortodox Church
@Comment #############################################################


@online{ Uklad-Otwarty-Igor-Janke-Jakie-zwiazki-ma-polska-ETC-Ver-2023,
  author =	 {Układ Otwarty~-- Igor Janke},
  title =	 {Jakie związki ma polska Cerkiew z~Rosją? Rola
                  prawosławia w~Polsce~-- Cezary Gmyz},
  year =	 2023,
  url =		 {https://www.youtube.com/watch?v=LhC2F0fto0A},
  urldate =	 {19-VIII-2024},
}



@online{ Onet-Ukraina-Rosyjska-cerkiew-Niezalezna-ETC-Ver-2022,
  author =	 {Onet},
  title =	 {Ukraina: Rosyjska cerkiew. Niezależna instytucja czy
                  „wydział ideologiczny KGB?”},
  year =	 2022,
  url =		 {https://www.youtube.com/watch?v=V7N8xy-Wvtg},
  urldate =	 {23-VII-2024},
}



@online{ Podroz-bez-Paszportu-Rosyjska-Cerkiew-Prawoslawna-ETC-Ver-2024,
  author =	 {Podróż bez Paszportu},
  title =	 {Rosyjska Cerkiew Prawosłąwna chce Wielkiej Rusi.
                  Polityka nad religią; dr Andrzej Szabaciuk},
  year =	 2024,
  url =		 {https://www.youtube.com/watch?v=7Y2_opcGrV8},
  urldate =	 {01-VIII-2024},
}










@Comment #############################################################
@Comment Scientology
@Comment #############################################################


@online{ Chris-Shelton-MSc-The-History-of-L-Ron-Hubbard-ETC-Part-1-Ver-2019,
  author =	 {Chris Shelton, MSc},
  title =	 {The~History~of L.~Ron Hubbard and~Scientology. Part~1},
  year =	 2019,
  url =		 {https://www.youtube.com/watch?v=F62reSuNnuU},
  urldate =	 {14-VIII-2024},
}



@online{ Chris-Shelton-MSc-The-History-of-L-Ron-Hubbard-ETC-Part-2-Ver-2019,
  author =	 {Chris Shelton, MSc},
  title =	 {The~History~of L.~Ron Hubbard and~Scientology. Part~2},
  year =	 2019,
  url =		 {https://www.youtube.com/watch?v=bP0X2lGDXe0},
  urldate =	 {14-VIII-2024},
}



@online{ Chris-Shelton-MSc-The-History-of-L-Ron-Hubbard-ETC-Part-3-Ver-2019,
  author =	 {Chris Shelton, MSc},
  title =	 {The~History~of L.~Ron Hubbard and~Scientology. Part~3},
  year =	 2019,
  url =		 {https://www.youtube.com/watch?v=Cd6zG6XBRzg},
  urldate =	 {14-VIII-2024},
}



@online{ Chris-Shelton-MSc-David-Miscavige-and-the-Rise-Part-1-Ver-2019,
  author =	 {Chris Shelton, MSc},
  title =	 {David Miscavige and the~Rise~of Modern Scientology.
                  Part~1},
  year =	 2019,
  url =		 {https://www.youtube.com/watch?v=SUPZ0qAD4F0},
  urldate =	 {14-VIII-2024},
}



@online{ Chris-Shelton-MSc-David-Miscavige-and-the-Rise-Part-2-Ver-2019,
  author =	 {Chris Shelton, MSc},
  title =	 {David Miscavige and the~Rise~of Modern Scientology.
                  Part~2},
  year =	 2019,
  url =		 {https://www.youtube.com/watch?v=1Cevbwfi1Dk},
  urldate =	 {14-VIII-2024},
}



@online{ Chris-Shelton-MSc-David-Miscavige-and-the-Rise-Part-3-Ver-2019,
  author =	 {Chris Shelton, MSc},
  title =	 {David Miscavige and the~Rise~of Modern Scientology.
                  Part~3},
  year =	 2019,
  url =		 {https://www.youtube.com/watch?v=C0iZCMmAoNw},
  urldate =	 {14-VIII-2024},
}



@online{ Growing-Up-In-ETC-Top-5-Craziest-Scientology-ETC-Ver-2024,
  author =	 {Growing Up In Scientology},
  title =	 {Top~5 Craziest Scientology Beliefs},
  year =	 2024,
  url =		 {https://www.youtube.com/watch?v=gxTS-VCHaUA},
  urldate =	 {01-VIII-2024},
}



@online{ Peterson-Smith-Levin-Raised-by-Thetans-ETC-Ver-2024,
  author =	 {Jordan B Peterson},
  title =	 {Raised by~Thetans in~a~Galactic Gulag; Aaron
                  Smith-Levin; Ep. 413},
  year =	 2024,
  url =		 {https://www.youtube.com/watch?v=P3SnxVoO2Jw},
  urldate =	 {01-VIII-2024},
}






@Comment #############################################################
@Comment
@Comment #############################################################
