@Comment #############################################################
@Comment #############################################################
@Comment Religions, online resources
@Comment #############################################################
@Comment #############################################################


@Comment #############################################################
@Comment Protestantism in the United States of America
@Comment #############################################################


@online{ Chalk-All-protestants-are-progressives-2024,
  author =	 {Casey Chalk},
  title =	 {All Protestans Are Progressives},
  year =	 2024,
  url =
                  {https://crisismagazine.com/opinion/all-protestants-are-progressives},
  urldate =	 {12-VII-2024},
}



@online{ Gray-Martin-Luther-King-and-Planned-Parenthood-2023,
  author =	 {David L. Gray},
  title =	 {Martin Luther King and Planned Parenthood},
  year =	 2023,
  url =
                  {https://onepeterfive.com/martin-luther-king-planned-parenthood/},
  urldate =	 {12-VII-2024},
}










@Comment #############################################################
@Comment XX-XXI Protestantism in the United States of America
@Comment #############################################################


@online{ Alliance-of-ETC-Why-do-Protestants-convert-2024,
  author =	 {Alliance of Confessing Evangelicals},
  title =	 {Why do Protestants convert?},
  year =	 2024,
  url =
                  {https://www.youtube.com/watch?v=3HlNpCcNUS8},
  urldate =	 {12-VII-2024},
}



@online{ Castaldo-Gospel-Simplicity-Exploring-why-ETC-2024,
  author =	 {Chris Castaldo and Gospel Simplicity},
  title =	 {Exploring why Porestants-become Catholic},
  year =	 2024,
  url =		 {https://www.youtube.com/watch?v=oqza8HgvhdU},
  urldate =	 {12-VII-2024},
}