@Comment #############################################################
@Comment #############################################################
@Comment Religions common issues, politics. Netography
@Comment #############################################################
@Comment #############################################################



@Comment #############################################################
@Comment Abortion
@Comment #############################################################


@online{ Love-Always-Ministries-My-Abortion-Story-Ver-2020,
  author =	 {Love Always Ministries},
  title =	 {My~Abortion Story},
  year =	 2020,
  url =		 {https://www.youtube.com/watch?v=3HlNpCcNUS8},
  urldate =	 {09-VIII-2024},
}



@Comment @online{ Castaldo-Gospel-Simplicity-Exploring-why-ETC-Ver-2024,
@Comment   author =	 {Chris Castaldo and Gospel Simplicity},
@Comment   title =	 {Exploring why Porestants-become Catholic},
@Comment   year =	 2024,
@Comment   url =		 {https://www.youtube.com/watch?v=oqza8HgvhdU},
@Comment   urldate =	 {12-VII-2024},
@Comment }



@Comment @online{ Gray-Martin-Luther-King-and-Planned-Parenthood-Ver-2023,
@Comment   author =	 {David L. Gray},
@Comment   title =	 {Martin Luther King and Planned Parenthood},
@Comment   year =	 2023,
@Comment   url =
@Comment                   {https://onepeterfive.com/martin-luther-king-planned-parenthood/},
@Comment   urldate =	 {12-VII-2024},
@Comment }










@Comment #############################################################
@Comment Marriage
@Comment #############################################################


@online{ Love-Always-Ministries-Ex-adult-star-Brittni-responds-Ver-2023,
  author =	 {Love Always Minstries},
  title =	 {Ex-adult star Brittni responds to ex-adult star Mia
                  Khalifa's marriage advice},
  year =	 2023,
  url =		 {https://www.youtube.com/watch?v=TlOJwC9s5Mc},
  urldate =	 {14-VIII-2024},
}










@Comment #############################################################
@Comment Sex
@Comment #############################################################


@online{ Fight-the-New-Drug-The-Shame-and-Recovery-ETC-Ver-2023,
  author =	 {Fight the~New Drug},
  title =	 {The~Shame and Recovery~of being an Ex~Porn Star},
  year =	 2023,
  url =		 {https://www.youtube.com/watch?v=zuwPxQQ_bGQ},
  urldate =	 {29-IX-2024},
}



@online{ Pakaluk-Does-Contraception-Change-the-Game-Ver-2014,
  author =	 {Catherine Pakaluk},
  title =	 {Does Contraception Change the Game?},
  year =	 2014,
  url =		 {https://www.youtube.com/watch?v=zOmpHC71QTI},
  urldate =	 {14-VIII-2024},
  note =	 {Love and Fidelity Network},
}



@online{ Uncensored-W-Brittni-De-La-Mora-304-to-Housewives-ETC-Ver-2024,
  author =	 {Uncensored W/ Brittni De La Mora},
  title =	 {304 to Housewives?! Whatever Podcast Clips},
  year =	 2024,
  url =		 {https://www.youtube.com/watch?v=4HtWXR6T00g},
  urldate =	 {09-VIII-2024},
}






@Comment #########################################
@Comment Pronography
@Comment #########################################


@online{ LAM-Is-the-Porn-World-Spiritually-Dark-Ver-2021,
  author =	 {Love Always Ministries},
  title =	 {Is the~Porn World Spiritualy Dark?},
  year =	 2021,
  url =		 {https://www.youtube.com/watch?v=CNAaU8tWn4o},
  urldate =	 {3-X-2024},
}



@Comment @online{ Tabaczek-Natural-selection-in-Aristotle-and-Aquinas-Ver-2014,
@Comment   author =	 {Mariusz Tabaczek OP},
@Comment   title =	 {Natural selection in Aritotle and Aquainas},
@Comment   year =	 2014,
@Comment   url =
@Comment                   {https://mariopblog.wordpress.com/2014/02/16/natural-selection-in-aristotle-and-aquinas/},
@Comment   urldate =	 {23-VII-2024},
@Comment }



@Comment @online{ Tabaczek-Dominicans-at-the-Forefront-ETC-Ver-2014,
@Comment   author =	 {Mariusz Tabaczek OP},
@Comment   title =	 {Dominicans at the~forefront~of experimental science},
@Comment   year =	 2014,
@Comment   url =
@Comment                   {https://mariopblog.wordpress.com/2014/04/09/dominicans-at-the-forefront-of-experimental-science/},
@Comment   urldate =	 {23-VII-2024},
@Comment }



@Comment @online{ -Ver-2014,
@Comment   author =	 {Mariusz Tabaczek OP},
@Comment   title =	 {},
@Comment   year =	 2014,
@Comment   url =
@Comment                   {},
@Comment   urldate =	 {22-VII-2024},
@Comment }



@Comment @online{ -Ver-2014,
@Comment   author =	 {Mariusz Tabaczek OP},
@Comment   title =	 {},
@Comment   year =	 2014,
@Comment   url =
@Comment                   {},
@Comment   urldate =	 {22-VII-2024},
@Comment }



@Comment @online{ -Ver-2014,
@Comment   author =	 {Mariusz Tabaczek OP},
@Comment   title =	 {},
@Comment   year =	 2014,
@Comment   url =
@Comment                   {},
@Comment   urldate =	 {22-VII-2024},
@Comment }



@Comment @online{ -Ver-2014,
@Comment   author =	 {Mariusz Tabaczek OP},
@Comment   title =	 {},
@Comment   year =	 2014,
@Comment   url =		 {},
@Comment   urldate =	 {22-VII-2024},
@Comment }



@Comment @online{ Tabaczek-Teoria-ewolucji-a-teologia-ETC-Ver-2024,
@Comment   author =	 {Mariusz Tabaczek OP},
@Comment   title =	 {Teoria ewolucji, a~teologia świętego Tomasza
@Comment                   z~Akwinu},
@Comment   year =	 2024,
@Comment   url =		 {https://www.youtube.com/watch?v=21EPKA6x-ak},
@Comment   urldate =	 {23-VII-2024},
@Comment   note =	 {72.dominikanie},
@Comment }













@Comment @online{ The-Orthodox-Christian-ETC-A-Vanishing-Point-ETC-Ver-2024,
@Comment   author =	 {Mariusz Tabaczek OP},
@Comment   title =	 {Teoria ewolucji, a~teologia świętego Tomasza
@Comment                   z~Akwinu},
@Comment   year =	 2024,
@Comment   url =		 {https://www.youtube.com/watch?v=21EPKA6x-ak},
@Comment   urldate =	 {23-VII-2024},
@Comment   note =	 {72.dominikanie},
@Comment }










@Comment @Comment #############################################################
@Comment @Comment Protestantism in United States of America
@Comment @Comment #############################################################


@Comment @online{ Chalk-All-protestants-are-progressives-2024,
@Comment   author =	 {Casey Chalk},
@Comment   title =	 {All Protestans Are Progressives},
@Comment   year =	 2024,
@Comment   url =
@Comment                   {https://crisismagazine.com/opinion/all-protestants-are-progressives},
@Comment   urldate =	 {12-VII-2024},
@Comment }





















@Comment @Comment #############################################################
@Comment @Comment Russian Ortodox Church
@Comment @Comment #############################################################


@Comment @online{ Grala-Jurasz-Ukraina-Rosyjska-cerkiew-Niezalezna-ETC-Ver-2022,
@Comment   author =	 {Hieronim Grala and Witold Jurasz},
@Comment   title =	 {Ukraina: Rosyjska cerkiew. Niezależna instytucja czy
@Comment                   „wydział ideologiczny KGB?”},
@Comment   year =	 2022,
@Comment   url =		 {https://www.youtube.com/watch?v=V7N8xy-Wvtg},
@Comment   urldate =	 {23-VII-2024},
@Comment }












@Comment @online{ Growing-Up-In-ETC-Top-5-Craziest-Scientology-ETC-Ver-2024,
@Comment   author =	 {Growing Up In Scientology},
@Comment   title =	 {Top~5 Craziest Scientology Beliefs},
@Comment   year =	 2024,
@Comment   url =		 {https://www.youtube.com/watch?v=gxTS-VCHaUA},
@Comment   urldate =	 {01-VIII-2024},
@Comment }



@Comment @online{ Peterson-Smith-Levin-Raised-by-Thetans-ETC-Ver-2024,
@Comment   author =	 {Jordan B. Peterson and Aaron Smith-Levin},
@Comment   title =	 {Raised by~Thetans in~a~Galactic Gulag},
@Comment   year =	 2024,
@Comment   url =		 {https://www.youtube.com/watch?v=P3SnxVoO2Jw},
@Comment   urldate =	 {01-VIII-2024},
@Comment   note =	 {Jordan B Peterson},
@Comment }