@Comment #############################################################
@Comment #############################################################
@Comment Religions, articles
@Comment #############################################################
@Comment #############################################################


@Comment #############################################################
@Comment Christianity and science
@Comment #############################################################


@article{ Drees-A-Scientific-Theology-Volume-1-Nature-Pub-2002,
  author =	 {Willem B. Drees},
  title =	 {A Scientific Theology, Volume 1: Nature},
  journal =	 {Ars Disputandi},
  year =	 {2002},
  volume =	 {2},
  number =	 {1},
  pages =	 {131--136},
  publisher =	 {Routledge},
  doi =		 {10.1080/15665399.2002.10819744},
  url =		 {https://doi.org/10.1080/15665399.2002.10819744},
  eprint =	 {https://doi.org/10.1080/15665399.2002.10819744}
}



@article{ -II-ETC-2013,
  author =	 {},
  title =	 {},
  journal =	 {HTS Teologiese Studies / Theological Studies},
  year =	 2013,
  volume =	 69,
  number =	 1,
  pages =	 {a1911},
  doi =		 {https://doi.org/10.4102/hts.v69i1.1911},
}










@Comment #############################################################
@Comment HTS Teologiese Studies / Theological Studies journal
@Comment #############################################################


@article{ Duncan-A-protestan-perspective-on-Vatican-II-ETC-2013,
  author =	 {Graham A. Duncan},
  title =	 {A Protestant perspective on Vatican~II +50 years:
                  An~engagement with dissent},
  journal =	 {HTS Teologiese Studies / Theological Studies},
  year =	 2013,
  volume =	 69,
  number =	 1,
  pages =	 {a1911},
  doi =		 {https://doi.org/10.4102/hts.v69i1.1911},
}