@book{ Stencel-Podmiotowosc-w-polskich-tekstach-mistycznych-ETC-Pub-2023,
  author =	 {Natalia Stencel},
  title =	 {Podmiotowość w~polskich tekstach mistycznych
                  XX~wieku},
  publisher =	 {Avalon},
  address =	 {Kraków},
  year =	 2023,
  edition =	 {I},
  isbn =	 {978-83-7730-632-1},
  doi =		 {https://doi.org/10.55288/9788377306321},
}
