@Comment #############################################################
@Comment #############################################################
MATEMATYKA
@Comment #############################################################
@Comment #############################################################


@Comment ###############################
LOGIKA
@Comment ###############################


@book{ BremerWprowadzenieDoLogiki2004,
  author =	 "Józef W.~Bremer",
  title =	 {{Wprowadzenie do~logiki}},
  publisher =	 {{Wydawnictwo WAM}},
  address =	 {{Kraków}},
  year =	 2004,
  edition =	 {{I}},
  seriess =	 {{Myśl Filozoficzna}},
}





@Comment ###############################
LOGIKA MATEMATYCZNA
@Comment ###############################


@book{ QuineLogikaMatematyczna1974,
  author =	 "Willard Van Orman Quine",
  title =	 {{Logika matematyczna}},
  publisher =	 {{Państwowe Wydawnictwo Naukowe}},
  address =	 {{Warszawa}},
  year =	 1974,
  edition =	 {{I}},
  note =	 {{Tłum. Leon Koj}},
}





@Comment ###############################
TEORIA MNOGOŚCI
@Comment ###############################


@book{ KuratowskiWstepTeoriiMnogosciITopologii2004,
  author =	 "Kazimierz Kuratowski",
  title =	 {{Wstęp do~teorii mnogości i~topologii}},
  publisher =	 {{Wydawnictwo Naukowe PWN}},
  address =	 {{Warszawa}},
  year =	 2004,
  edition =	 {{IX}},
  note =	 {{Wraz z~dodatkiem Ryszarda Engelkinga \emph{Elementy
		  topologii algebraicznej}}},
}





@Comment ###############################
TEORIA GRUP
@Comment ###############################






@Comment ###############################
ALGEBRA
@Comment ##############################

@book{ BialynickiBirulaZarysAlgebry1987,
  author =	 "Andrzej Białynicki\dywiz Birula",
  title =	 {{Zarys algebry}},
  publisher =	 {{Państwowe Wydawnictwo Naukowe}},
  address =	 {{Warszawa}},
  year =	 1987,
  edition =	 {{I}},
}





@Comment ##############################
ALGEBRA LINIOWA
@Comment ##############################


@book{ ArodzRosciszewskiAlgebraIGeometria2005,
  author =	 "Henryk Arodź and Krzysztof Rościszewski",
  title =	 {{Algebra i~geometria analityczna w~zadaniach}},
  publisher =	 {{Wydawnictwo Znak}},
  address =	 {{Kraków}},
  year =	 2005,
  edition =	 {{I}},
}

@book{ GancarzewiczArytmetyka2000,
  author =	 "Jacek Gancarzewicz",
  title =	 {{Arytmetyka}},
  publisher =	 {{Wydawnictwo Uniwersytetu Jagiellońskiego}},
  address =	 {{Kraków}},
  year =	 2000,
  edition =	 {{I}},
}

@book{ GancarzewiczAlgebraLiniowa2004,
  author =	 "Jacek Gancarzewicz",
  title =	 {{Algebra liniowa i~jej zastosowania}},
  publisher =	 {{Wydawnictwo Uniwersytetu Jagiellońskiego}},
  address =	 {{Kraków}},
  year =	 2004,
  edition =	 {{I}},
}

@book{ HerdegenAlgebraLiniowaIGeometria2010,
  author =	 "Andrzej Herdegen",
  title =	 {{Algebra liniowa i~geometria}},
  publisher =	 {{DISCEPTO}},
  address =	 {{Kraków}},
  year =	 2010,
  edition =	 {{II --~poprawione i~rozszerzone}},
}





@Comment ###############################
ANALIZA MATEMATYCZNA
@Comment ###############################


@book{ FichtenholzRachunekRiCTomI2005,
  author =	 "Grigorij Michajłowicz Fichtenholz",
  title =	 {{Rachunek różniczkowy i~całkowy}},
  publisher =	 "Wydawnictwo Naukowe PWN",
  address =	 "Warszawa",
  year =	 2005,
  edition =	 {{XII -- trzeci dodruk}},
  volume =	 {{I}},
}

@book{ FichtenholzRachunekRiCTomII2004,
  author =	 "Grigorij Michajłowicz Fichtenholz",
  title =	 {{Rachunek różniczkowy i~całkowy}},
  publisher =	 "Wydawnictwo Naukowe PWN",
  address =	 "Warszawa",
  year =	 2004,
  edition =	 {{XII -- drugi dodruk}},
  volume =	 {{II}},
}

@book{ FichtenholzRachunekRiCTomIII2005,
  author =	 "Grigorij Michajłowicz Fichtenholz",
  title =	 {{Rachunek różniczkowy i~całkowy}},
  publisher =	 "Wydawnictwo Naukowe PWN",
  address =	 "Warszawa",
  year =	 2004,
  edition =	 {{X --~drugi dodruk}},
  volume =	 {{III}},
}

@book{ KrysickiWlodarskiAnalizaWZadaniachTomI2005,
  author =	 "Włodzimierz Krysicki and L. Włodarski",
  title =	 {{Analiza matematyczna w~zadaniach}},
  publisher =	 {{Wydawnictwo Naukowe PWN}},
  address =	 {{Warszawa}},
  year =	 2005,
  edition =	 {{XXIX -- trzeci dodruk}},
  volume =	 {{I}},
}

@book{ KrysickiWlodarskiAnalizaWZadaniachTomII2004,
  author =	 "Włodzimierz Krysicki and L. Włodarski",
  title =	 {{Analiza matematyczna w~zadaniach}},
  publisher =	 "Wydawnictwo Naukowe PWN",
  volume =	 {{II}},
  address =	 "Warszawa",
  edition =	 {{XXVII}},
  year =	 2004,
}

@book{ LojasiewiczWstepDoFunkcjiRzeczywistych1976,
  author =	 "Stanisław Łojasiewicz",
  title =	 {{Wstęp do~teorii funkcji rzeczywistych}},
  publisher =	 {{Państwowe Wydawnictwo Naukowe}},
  address =	 {{Warszawa}},
  year =	 1976,
  edition =	 {{II}},
  series =	 {{Biblioteka Matematyczna}},
  volume =	 {{46}},
}

@book{ MaurinAnalizaTomI1974,
  author =	 "Krzysztof Maurin",
  title =	 {{Analiza. Część~I: Elementy}},
  publisher =	 "Państwowe Wydawnictwo Naukowe",
  address =	 {{Warszawa}},
  year =	 1974,
  edition =	 {{III}},
  volume =	 {{???}},
  series =	 {{Biblioteka Matematyczna}},
}

@book{ MaurinAnalizaTomII1991,
  author =	 "Krzysztof Maurin",
  title =	 {{Analiza. Część~II: Ogólne struktury, funkcje
		  algebraiczne, całkowanie, analiza tensorowa}},
  volume =	 {{II}},
  publisher =	 "Wydawnictwo Naukowe PWN",
  series =	 "Biblioteka Matematyczna",
  number =	 170,
  address =	 "Warszawa",
  edition =	 {{II -- zmieninone}},
  year =	 1991,
}

@book{ NahinInterestingIntegrals2015,
  author =	 "P. J. Nahin",
  title =	 "Inside Interesting Integrals",
  publisher =	 "Springer",
  address =	 {{New York, Heidelberg, Dordrecht, London}},
  edition =	 {{I}},
  year =	 2015,
}

@book{ RudinAnalizaRzeczywistaIZespolona1986,
  author =	 "Walter Rudin",
  title =	 {{Analiza rzeczywista i~zespolona}},
  publisher =	 {{Państwowe Wydawnictwo Naukowe}},
  address =	 {{Warszawa}},
  year =	 1986,
  edition =	 {{I}},
}

@book{ RudinAnalizaRzeczywistaIZespolona1998,
  author =	 "Walter Rudin",
  title =	 {{Analiza rzeczywista i~zespolona}},
  publisher =	 {{Wydawnictwo Naukowe PWN}},
  address =	 {{Warszawa}},
  year =	 1998,
  edition =	 {{II}},
}

@book{ SchwartzKursAnalizyMatematycznejTomI1979,
  author =	 "Laurent Schwartz",
  title =	 {{Kurs analizy matematycznej}},
  publisher =	 {{Państwowe Wydawnictwo Naukowe}},
  address =	 {{Warszawa}},
  year =	 1979,
  edition =	 {{I}},
  volume =	 {{I}},
}


@book{ SchwartzKursAnalizyMatematycznejTomII1980,
  author =	 "Laurent Schwartz",
  title =	 {{Kurs analizy matematycznej}},
  publisher =	 {{Państwowe Wydawnictwo Naukowe}},
  address =	 {{Warszawa}},
  year =	 1980,
  edition =	 {{I}},
  volume =	 {{II}},
}

@book{ StankiewiczZadaniaZMatematyki1980,
  author =	 "W. Stankiewicz",
  title =	 {{Zadania z~matematyki dla wyższych uczelni
		  technicznych}},
  publisher =	 "Państwowe Wydawnictwo Naukowe",
  volume =	 "I",
  address =	 "Warszawa",
  edition =	 {{V -- zmienione}},
  year =	 1980,
}





@Comment ###############################
RACHUNEK WARIACYJNY
@Comment ###############################


@book{ GelfandFominRachunekWariacyjny1979,
  author =	 "I. M. Gelfand and S. W. Fomin",
  title =	 {{Rachunek wariacyjny}},
  publisher =	 "Państwowe Wydawnictwo Naukowe",
  address =	 "Warszawa",
  edition =	 {{IV}},
  year =	 1979,
}





@Comment ###############################
ANALIZA ZESPOLONA
@Comment ###############################


@book{ JakobczakJarnickiFunkcjeHolomorficzneWieluZmiennych2002,
  author =	 "P. Jakóbczak and M. Jarnicki",
  title =	 {{Wstęp do teorii funkcji holomorficznych wielu
		  zmiennych zespolonych}},
  publisher =	 {{Wydawnictwo Uniwersytetu Jagiellońskiego}},
  address =	 "Kraków",
  edition =	 {{I}},
  year =	 2002,
}

@book{ LejaFunkcjeZespolone2006,
  author =	 "Franciszek Leja",
  title =	 {{Funkcje zespolone}},
  publisher =	 {{Wydawnictwo Naukowe PWN}},
  address =	 {{Warszawa}},
  year =	 2006,
  edition =	 {{VI}},
}

@book{ SzabatWstepDoAnalizyZespolonej1974,
  author =	 "W. B. Szabat",
  title =	 "Wstęp do analizy zespolonej",
  publisher =	 "Państwowe Wydawnictwo Naukowe",
  address =	 "Warszawa",
  year =	 1974,
  edition =	 {{I}},
}

@book{ KrzyzZbiorZadanZFunkcjiAnalitycznych2005,
  author =	 "J. Krzyż",
  title =	 {{Zbiór zadań z~funkcji analitycznych}},
  publisher =	 "Wydawnictwo Naukowe PWN",
  address =	 "Warszawa",
  edition =	 {{V}},
  year =	 2005,
}





@Comment ###############################
RÓWNANIA RÓŻNICZKOWE ZWYCZAJNE
@Comment ###############################


@book{ ArnoldRownaniaRozniczkoweZwyczajne1975,
  author =	 "Władimir Igorewicz Arnold",
  title =	 {{Równania różniczkowe zwyczajne}},
  publisher =	 "Państwowe Wydawnictwo Naukowe",
  address =	 "Warszawa",
  edition =	 {{I}},
  year =	 1975,
}


@book{ ArnoldTeoriaRownanRozniczkowych1983,
  author =	 "Władymir Igorewicz Arnold",
  title =	 "Teoria równań różniczkowych",
  publisher =	 "Państwowe Wydawnictwo Naukowe",
  address =	 "Warszawa",
  edition =	 {{I}},
  year =	 1983,
}

@book{ MatwiejewMetodyCalkowaniaRownanRozniczkowychZwyczajnych1982,
  author =	 "N. M. Matwiejew",
  title =	 {{Metody całkowania równań różniczkowych
		  zwyczajnych}},
  publisher =	 "Państwowe Wydawnictwo Naukowe",
  address =	 "Warszawa",
  edition =	 {{I}},
  year =	 1982,
}





@Comment ###############################
RÓWNANIA RÓŻNICZKOWE CZĄSTKOWE
@Comment ###############################


@book{ EvansRowaniaRozniczoweCzastkowe2008,
  author =	 "L. C. Evans",
  title =	 "Równania różniczkowe cząstkowe",
  publisher =	 "Wydawnictwo Naukowe PWN",
  address =	 "Warszawa",
  edition =	 {{I}},
  year =	 2008,
}

@book{ HormanderAnalysisPartialDifferentialOperators1983,
  author =	 "L. Hormander",
  title =	 {{The Analysis of Linear Partial Differential
		  Operators I. Distributon Theory and Fourier
		  Analysis}},
  publisher =	 "Springer",
  address =	 {{}},
  edition =	 {{I}},
  year =	 1983,
}

@book{ MarcinkowskaWstepRownanRozniczkowychCzastkowych1986,
  author =	 "Hanna Marcinkowska",
  title =	 {{Wstęp do~teorii równań różniczkowych cząstkowych}},
  publisher =	 {{Państwowe Wydawnictwo Naukowe}},
  address =	 "Warszawa",
  edition =	 {{II --~zmienione}},
  year =	 1986,
  series =	 {{Biblioteka Matematyczna}},
  volume =	 {{43}},
}

@book{ StrzeleckiKrotkieWprowadzeniePDE2006,
  author =	 "P. Strzelecki",
  title =	 {{Krótkie wprowadzenie do równań różniczkowych
		  cząstkowych}},
  publisher =	 "Wydawnictwo Uniwersytetu Warszawskiego",
  address =	 "Warszawa",
  edition =	 {{I}},
  year =	 2006,
}





@Comment ###############################
ANALIZA FUNKCJONALNA
@Comment ###############################


@book{ BalakrishnanAnalizaFunkcjonalnaStosowana1992,
  author =	 "A. V. Balakrishnan",
  title =	 {{Analiza funkcjonalna stosowana}},
  publisher =	 {{Wydawnictwo Naukowe PWN}},
  address =	 {{Warszawa}},
  year =	 1992,
  edition =	 {{I}},
}

@book{ DeitmarEcherhoffPrinciplesOfHarmonicAnalysis2009,
  author =	 "Anton Deitmar and Siegfried Echterhoff",
  title =	 {{Principles~of Harmonic Analysis}},
  publisher =	 {{Springer}},
  address =	 {{New York, NY}},
  year =	 2009,
  edition =	 {{}},
  doi =		 {{10.1007/978-0-387-85469-4}},
  url =		 {{https://doi.org/10.1007/978-0-387-85469-4}},
}

@book{ ChmielinskiAnalizaFunkcjonalna2004,
  author =	 "J. Chmieliński",
  title =	 {{Analiza funkcjonalna. Notatki do~wykładu}},
  publisher =	 "Wydawnictwo Naukowe Akademii Pedagogicznej",
  address =	 "Kraków",
  edition =	 {{II --~uzupełnione}},
  year =	 2004,
}

@book{ PrusStachuraAnalizaFunkcjonalnaWZadaniach2007,
  author =	 "S. Prus and A. Stachura",
  title =	 {{Analiza funkcjonalna w~zadaniach}},
  publisher =	 "Wydawnictwo Naukowe PWN",
  address =	 "Warszawa",
  edition =	 {{I}},
  year =	 2007,
}

@book{ ReedSimonMethodsOfModernMathematicalPhysicsVolI1980,
  author =	 "Michael Reed and Barry Simon",
  title =	 {{Methods of Modern Mathematical Physics~I:
		  Functional Analysis}},
  publisher =	 {{Academic Press}},
  address =	 {{San Diego, New York, Boston, London, Sydney, Tokyo,
		  Toronto}},
  year =	 1980,
  edition =	 {{Revised and~enlarged edtion}},
}

@book{ ReedSimonMethodsOfModernMathematicalPhysicsVolIV1978,
  author =	 "Michael Reed and Barry Simon",
  title =	 {{Methods of Modern Mathematical Physics IV: Analysis
		  of Operators}},
  publisher =	 {{Academic Press, Inc.}},
  address =	 {{New York, San Francisco, London}},
  year =	 1978,
  edition =	 {{I}},
}

@book{ RudinAnalizaFunkcjonalna2002,
  author =	 "Walter Rudin",
  title =	 {{Analiza funkcjonalna}},
  publisher =	 {{Wydawnictwo Naukowe PWN}},
  address =	 {{Warszawa}},
  year =	 2002,
  edition =	 {{II}},
}





@Comment ###############################
TEORIA OPERATORÓW I C*-ALGEBR
@Comment ###############################


@book{ BratteliRobinsonOperatorAlgebrasTomI2002,
  author =	 "Ola Bratteli and Derek W. Robinson",
  title =	 {{Operator Algebras and~Quantum Statistical
		  Mechanics~1}},
  publisher =	 {{Springer}},
  address =	 {{Berlin Heidelberg}},
  year =	 2002,
  edition =	 {{II}},
}





@Comment ###############################
GEOMETRIA RÓŻNICZKOWA
@Comment ###############################


@book{ BoothbyIntroductionToDifferentiableManifolds1986,
  author =	 "William M. Boothby",
  title =	 {{An~Introduction to~Differentiable Manifolds
		  and~Riemannian Geometry}},
  publisher =	 {{Academic Press, Inc.}},
  address =	 {{San Diego, New York, Berkley, Boston, London,
		  Sydney, Tokyo, Toronto}},
  year =	 1986,
  edition =	 {{II}},
}

@book{ GancarzewiczOpozdaWstepDoGeometriiRozniczkowej2003,
  author =	 "J. Gancarzewicz, B. Opozda",
  title =	 {{Wstęp do geometrii różniczkowej}},
  publisher =	 "Wydawnictwo Uniwersytetu Jagiellońskiego",
  address =	 {{Kraków}},
  year =	 2003,
  edition =	 {{I}},
}

@book{ GancarzewiczZarysWspolczesnejGeometriiRozniczkowej2010,
  author =	 "Jacek Gancarzewicz",
  title =	 {{Zarys współczesnej geometrii różniczkowej}},
  publisher =	 {{SCRIPT}},
  address =	 {{Warszawa}},
  year =	 2010,
  edition =	 {{I}},
}

@book{ GdowskiElementGeometriiRozniczkowejZZadaniami1999,
  author =	 "Bogusław Gdowski",
  title =	 {{Elementy geometrii różniczkowej z zadaniami}},
  publisher =	 {{Oficyna Wydawnicza Politechniki Warszawskiej}},
  address =	 "Warszawa",
  edition =	 {{IV}},
  year =	 1999,
}

@book{ SokolowskiElementyAnalizyTensorowej2010,
  author =	 "Leszek M. Skokołowski",
  title =	 {{Elementy analizy tensorowej}},
  publisher =	 "Wydawnictwo Uniwersytetu Warszawskiego",
  address =	 "Warszawa",
  year =	 2010,
  edition =	 {{I}},
}

@book{ FlandersTeoriaFormRozniczkowych1969,
  author =	 "H. Flanders",
  title =	 {{Teoria form różniczkowych}},
  publisher =	 "Państwowe Wydawnictwo Naukowe",
  address =	 "Warszawa",
  year =	 1969,
  edition =	 {{I}},
}

@book{ LeeIntroductionToSmoothManifolds2013,
  author =	 {{J. M. Lee}},
  title =	 {{Introduction to Smooth Manifolds}},
  publisher =	 {{Springer}},
  address =	 {{New York, Heidelberg, Dordrechet, London}},
  year =	 2013,
  edition =	 {{II}},
  series =	 {{Graduate Texts in Mathematics}},
  number =	 218,
}





@Comment ###############################
GEOMETRIA NIEPRZEMIENNA
@Comment ###############################


@book{ GraciaBondiaVarillyFigueroaNoncommutativeGeometry,
  author =	 "Jos\'{e} M.~Gracia-Bond\'{i}a and Joseph
		  C.~V\'{a}rilly and H\'{e}ctor Figueroa",
  title =	 {{Elements~of Noncommutative Geometry}},
  publisher =	 {{}},
  address =	 {{}},
  year =	 {{}},
}





@Comment ###############################
TEORIA DYSTRYBUCJI
@Comment ###############################


@book{ GelfandShilovGeneralizedFunctionsVolI1964,
  author =	 "I. M. Gelfand and G. V. Shilov",
  title =	 {{Generalized Functions: Volume I, Properties and
		  Operations}},
  publisher =	 "Academic Press",
  address =	 "New York and London",
  year =	 1964,
}

@book{ ZemanianTeoriaDystrybucji1969,
  author =	 "Armen H.~Zemanian",
  title =	 {{Teoria dystrybucji i~analiza transformat}},
  publisher =	 "Państwowe Wydawnictwo Naukowe",
  address =	 "Warszawa",
  edition =	 {{I}},
  year =	 1969,
}





@Comment ###############################
RACHUNEK PRAWDOPODOBIEŃSTWA
@Comment ###############################


@book{ FellerWstepDoRachunkuPrawdopodobienstwaTomI2006,
  author =	 "William Feller",
  title =	 {{Wstęp do rachunku prawdopodobieństwa}},
  publisher =	 {{Wydawnictwo Naukowe PWN}},
  address =	 {{Warszawa}},
  year =	 2006,
  edition =	 {{VI}},
  volume =	 {{I}},
}





@Comment ###############################
ZBIORY ZADAŃ Z MATEMATYKI
@Comment ###############################


@book{ DrobkaSzymanski1993,
  author =	 "N. Dróbka, K. Szymański",
  title =	 {{Zbiór zadań z matematyki}},
  publisher =	 "Wydawnictwo Szkolne i Pedagogiczne",
  address =	 "Warszawa",
  year =	 1993,
  edition =	 {{III}},
}

@book{ EhrenfeuchtStandeAlgebraDlaKlasyII1987,
  author =	 "Aniela Ehrenfeucht and Olga Stande",
  title =	 {{Algebra dla~klasy~II liceum ogólnokształcącego,
		  liceum zawodowego i~technikum}},
  publisher =	 "Wydawnictwo Szkolne i~Pedagogiczne",
  address =	 "Warszawa",
  year =	 1987,
  edition =	 {{XVII zmienione}},
}





@Comment ###############################
POZYCJE ZBIORCZE
@Comment ###############################


@book{ ZL78,
  author =	 "W. Żakowski, W. Leksiński",
  title =	 {{Matematyka. Część IV.}},
  publisher =	 "Wydawnictwo Naukowo-Techniczne",
  address =	 "Warszawa",
  edition =	 {{V --~poprawione}},
  year =	 1978,
}





@Comment #############################################################
POPULARNONAUKOWE -- MATEMATYKA
@Comment #############################################################


@book{ SautoyPokerZPitagorasem2012,
  author =	 "Marcus du~Sautoy",
  title =	 {{Poker z~Pitagorasem}},
  publisher =	 {{carta blanca}},
  address =	 {{Warszawa}},
  year =	 2012,
  edition =	 {{I}},
  note =	 {{Tłum. Adam Bukowski, Jacek Środa}},
}





@Comment #############################################################
HISTORIA MATEMATYKI
@Comment #############################################################


@book{ BourbakiElementyHistoriiMatematyki1980,
  author =	 "Nicolas Bourbaki",
  title =	 {{Elementy historii matematyki}},
  publisher =	 {{Państwowe Wydawnictwo Naukowe}},
  address =	 {{Warszawa}},
  year =	 1980,
  edition =	 {{I}},
  note =	 {{Tłum. Stanisław Dobrzycki}},
}

@book{ BoyerHistoriaRachunkuRozniczkowegoICalkowego1964,
  author =	 "Carl Benjamin Boyer",
  title =	 {{Historia rachunku różniczkowego i~całkowego
		  i~rozwój jego pojęć}},
  publisher =	 {{Państwowe Wydawnictwo Naukowe}},
  address =	 {{Warszawa}},
  year =	 1964,
  edition =	 {{I}},
}

@book{ KrysickiPoczetWielkichMatematykow1989,
  author =	 "Red. Włodzimierz Krysicki",
  title =	 {{Poczet wielkich matematyków}},
  publisher =	 {{Nasza Księgarnia}},
  address =	 {{}},
  year =	 1989,
  edition =	 {{}},
}





@Comment #############################################################
ARTYKUŁ MATEMATYKA
@Comment #############################################################


@article{ Harrsion1993,
  author =	 {{Harrison, J.}},
  title =	 {{Stokes' theorem for nonsmoot chains}},
  year =	 {{1993}},
  journal =	 "Bull. Amer. Math. Soc. (N. S.)",
  volume =	 29,
  pages =	 "235-242",
  archivePrefix ="arXiv:math",
  eprint =	 "9310231v1",
  primaryClass = "math.DG"
}

@article{ MarquesNevesN2012,
  author =	 "F. C. Marques, A. Neves",
  title =	 {{Min-Max theory and the Willmore conjecture}},
  year =	 {{2012}},
  journal =	 {{}},
  archivePrefix ="arXiv",
  eprint =	 "1202.6036v2",
  primaryClass = "math-DG",
}





@Comment #############################################################
@Comment #############################################################
INFORMATYKA
@Comment #############################################################
@Comment #############################################################


@book{ GreboszSymfoniaCxx2006,
  author =	 {{J. Gr\k{e}bosz}},
  title =	 {{Symfonia C++ standard}},
  publisher =	 {{EDITION 2000}},
  address =	 "Kraków",
  year =	 2006,
  edition =	 {{II}},
}

@book{ GreboszSymfoniaCxx2008A,
  author =	 "J. Grebosz",
  title =	 {{Symfonia C++ standard}},
  publisher =	 {{EDITION 2000}},
  address =	 {{Kraków}},
  year =	 2008,
  edition =	 {{III B --~rozszerzone i~poprawione}},
  volume =	 {{I}},
}

@book{ GreboszSymfoniaCxx2008B,
  author =	 "Jacek Gr\k{e}bosz",
  title =	 {{Symfonia C++ standard}},
  publisher =	 {{EDITION 2000}},
  address =	 {{Kraków}},
  year =	 2008,
  edition =	 {{III B -- rozszerzone i~poprawione}},
  volume =	 {{II}},
}

@book{ KernighanRitchieJezykANSIC2001,
  author =	 "B. W. Kernighan and D. M. Ritchie",
  title =	 {{Język ANSI C}},
  publisher =	 {{Wydawnictwo Naukowo\dywiz Techniczne}},
  address =	 {{Warszawa}},
  year =	 2001,
  edition =	 {{VI}},
}

@book{ OsheroveTestyJednostkowe2014,
  author =	 "Roy Osherove",
  title =	 {{Testy jednostkowe. Świat niezawodnych aplikacji}},
  publisher =	 {{Helion}},
  address =	 {{Gliwice}},
  year =	 2014,
  edition =	 {{II}},
  note =	 {{Tłum. Radosław Meryk}},
}

@book{ PetersenMasteringEmacs2016,
  author =	 "Mickey Petersen",
  title =	 {{Mastering Emacs}},
  publisher =	 {{https://www.masteringemacs.org/book}},
  address =	 {{}},
  year =	 2016,
  edition =	 {{II}},
}
