@Comment #############################################################
@Comment #############################################################
@Comment Economics, netography
@Comment #############################################################
@Comment #############################################################


@Comment #############################################################
@Comment Austrian School of Economics
@Comment #############################################################


@online{ Fundacja-PAFERE-O-Jacek-Gniadek-o-Ludzkim-dzialaniu-ETC-Ver-2019,
  author =	 {Fundacja PAFERE},
  title =	 {O.~Jacek Gniadek o~„Ludzkim działaniu” Ludwiga
                  von~Misesa},
  year =	 2019,
  url =		 {https://www.youtube.com/watch?v=l4-fo886maM},
  urldate =	 {13-IX-2024},
}



@online{ -AI-Ver-2015,
  author =	 {},
  title =	 {},
  year =	 2015,
  url =		 {https://www.youtube.com/watch?v=tcdVC4e6EV4},
  urldate =	 {23-VIII-2024},
}



@online{ -ETC-Ver-2024,
  author =	 {},
  title =	 {},
  year =	 2024,
  url =		 {https://www.youtube.com/watch?v=5t1vTLU7s40},
  urldate =	 {25-VII-2024},
}



@online{ -ETC-Ver-2024,
  author =	 {},
  title =	 {},
  year =	 2024,
  url =		 {https://www.youtube.com/watch?v=qYNweeDHiyU},
  urldate =	 {23-VIII-2024},
}



@online{ -ETC-Ver-2023,
  author =	 {},
  title =	 {},
  year =	 2023,
  url =		 {https://www.youtube.com/watch?v=Beh13Cd_QbY},
  urldate =	 {23-VIII-2024},
}



@online{ -Learning-Ver-2021,
  author =	 {},
  title =	 {},
  year =	 2021,
  url =		 {https://www.youtube.com/watch?v=9gGnTQTYNaE},
  urldate =	 {23-VIII-2024},
}



@online{ -ETC-Ver-2023,
  author =	 {},
  title =	 {},
  year =	 2023,
  url =		 {https://www.youtube.com/watch?v=XFZ-rQ8eeR8},
  urldate =	 {23-VIII-2024},
}



@online{ -Ver-2021,
  author =	 {},
  title =	 {?},
  year =	 2021,
  url =		 {https://www.youtube.com/watch?v=9gGnTQTYNaE},
  urldate =	 {23-VIII-2024},
}










@Comment ###############################
@Comment
@Comment ###############################


@online{ -Use-Cases-Ver-2023,
  author =	 {},
  title =	 {},
  year =	 2023,
  url =		 {https://www.youtube.com/watch?v=CiSaY2xl9V4},
  urldate =	 {23-VIII-2024},
}










@Comment ###############################
@Comment
@Comment ###############################


@online{ -Ver-2021,
  author =	 {},
  title =	 {},
  year =	 2021,
  url =		 {https://www.youtube.com/watch?v=ZifynN2oyhs},
  urldate =	 {21-VIII-2024},
}



@online{ -Ver-2022,
  author =	 {},
  title =	 {},
  year =	 2022,
  url =		 {https://www.youtube.com/watch?v=ZifynN2oyhs},
  urldate =	 {21-VIII-2024},
}



@online{ -Ver-2022,
  author =	 {},
  title =	 {},
  year =	 2022,
  url =		 {https://www.youtube.com/watch?v=1I6bQ12VxV0},
  urldate =	 {21-VIII-2024},
}



@online{ -Ver-2022,
  author =	 {},
  title =	 {},
  year =	 2022,
  url =		 {https://www.youtube.com/watch?v=fLvJ8VdHLA0},
  urldate =	 {21-VIII-2024},
}



@online{ -Ver-2022,
  author =	 {},
  title =	 {},
  year =	 2022,
  url =		 {https://www.youtube.com/watch?v=gkXX4h3qYm4},
  urldate =	 {22-VIII-2024},
}










@Comment #####################
@Comment
@Comment #####################


@online{ -ETC-Ver-2024,
  author =	 {},
  title =	 {},
  year =	 2024,
  url =		 {https://www.youtube.com/watch?v=e8vg1vin78U},
  urldate =	 {13-VIII-2024},
}










@Comment #############################################################
@Comment
@Comment #############################################################


@online{ -ETC-Ver-2017,
  author =	 {},
  title =	 {},
  year =	 2017,
  url =		 {https://www.youtube.com/watch?v=rlaNMJeA1EA},
  urldate =	 {14-VIII-2024},
}

















@Comment #############################################################
@Comment
@Comment #############################################################








@Comment #############################################################
@Comment
@Comment #############################################################


@online{ -Ver-2024,
  author =	 {},
  title =	 {},
  year =	 2024,
  url =		 {https://www.youtube.com/watch?v=FJVFXsNzYZQ},
  urldate =	 {21-VIII-2024},
}



@online{ -Ver-2024,
  author =	 {},
  title =	 {},
  year =	 2024,
  url =		 {https://www.youtube.com/watch?v=FJVFXsNzYZQ},
  urldate =	 {21-VIII-2024},
}



@online{ -Ver-2023,
  author =	 {},
  title =	 {},
  year =	 2023,
  url =		 {https://www.youtube.com/watch?v=mVKAyw0xqxw},
  urldate =	 {21-VIII-2024},
}



































































@Comment #############################################################
@Comment
@Comment #############################################################


@online{ -Ver-2024,
  author =	 {},
  title =	 {},
  year =	 2024,
  url =		 {https://www.youtube.com/watch?v=rlaNMJeA1EA},
  urldate =	 {23-VII-2024},
}



@online{ -ETC-Ver-2024,
  author =	 {},
  title =	 {},
  year =	 2024,
  url =		 {https://www.youtube.com/watch?v=rlaNMJeA1EA},
  urldate =	 {26-VII-2024},
}



@online{ -ETC-Ver-2024,
  author =	 {},
  title =	 {},
  year =	 2024,
  url =		 {https://www.youtube.com/watch?v=qhQRSUYnVG4},
  urldate =	 {21-VIII-2024},
}



@online{ -ETC-Ver-2024,
  author =	 {},
  title =	 {},
  year =	 2024,
  url =		 {https://www.youtube.com/watch?v=wAzEJxOo1ts},
  urldate =	 {02-VIII-2024},
}



@online{ -ETC-Ver-2024,
  author =	 {},
  title =	 {},
  year =	 2024,
  url =		 {https://www.youtube.com/watch?v=bbatLr98fEY},
  urldate =	 {03-VIII-2024},
}



@online{ -ETC-Ver-2023,
  author =	 {},
  title =	 {},
  year =	 2023,
  url =		 {https://www.youtube.com/watch?v=41Gv-zzICIQ},
  urldate =	 {10-VIII-2024},
}



@online{ -wild-Ver-2024,
  author =	 {},
  title =	 {},
  year =	 2024,
  url =		 {https://www.youtube.com/watch?v=pCxvyIx922A},
  urldate =	 {26-VII-2024},
}



@online{ -Ver-2024,
  author =	 {},
  title =	 {},
  year =	 2024,
  url =		 {https://www.youtube.com/watch?v=pCxvyIx922A},
  urldate =	 {26-VII-2024},
}



@online{ -next-Ver-2024,
  author =	 {},
  title =	 {},
  year =	 2024,
  url =		 {https://www.youtube.com/watch?v=3JhKU_ujlhs},
  urldate =	 {01-VIII-2024},
}



@online{ -ETC-Ver-2024,
  author =	 {},
  title =	 {},
  year =	 2024,
  url =		 {https://www.youtube.com/watch?v=7OwdCc81zHo},
  urldate =	 {13-VII-2024},
}



@online{ -ETC-Ver-2024,
  author =	 {},
  title =	 {},
  year =	 2024,
  url =		 {https://www.youtube.com/watch?v=XMv35syos3M},
  urldate =	 {14-VII-2024},
}










@Comment #############################################################
@Comment
@Comment #############################################################


@online{ -Ver-2019,
  author =	 {},
  title =	 {},
  year =	 2019,
  url =		 {https://www.youtube.com/watch?v=r6vNthpQtSI},
  urldate =	 {29-VII-2024},
}










@Comment #############################################################
@Comment
@Comment #############################################################


@online{ -ETC-Ver-2018,
  author =	 {},
  title =	 {},
  year =	 2018,
  url =		 {https://www.youtube.com/watch?v=ixJCo0cyAuA},
  urldate =	 {22-VIII-2024},
}



@online{ -Ver-2015,
  author =	 {},
  title =	 {},
  year =	 2015,
  url =		 {https://www.youtube.com/watch?v=thrx3SBEpL8},
  urldate =	 {22-VIII-2024},
}



@online{ -ETC-Ver-2024,
  author =	 {},
  title =	 {C~programmin is~still running the~world},
  year =	 2024,
  url =
                  {https://wideinfo.org/c-programming-is-still-running-the-world/},
  urldate =	 {23-VII-2024},
  note =	 {Wide Info}
}























@Comment #############################################################
@Comment
@Comment #############################################################


@online{ ,
  author =	 {},
  title =	 {},
  year =	 2016,
  url =		 {https://www.youtube.com/watch?v=oERlVYfLTn8},
  urldate =	 {13-III-2024},
}













@Comment #############################################################
@Comment
@Comment #############################################################


@online{ ,
  author =	 {},
  title =	 {},
  url =
                  {https://montcs.bloomu.edu/Information/LowLevel/Assembly/hello-asm.html},
  urldate =	 {12-VII-2024},
}



@online{ -ETC-Ver-2016,
  author =	 {},
  title =	 {},
  year =	 2016,
  url =		 {https://www.youtube.com/watch?v=oERlVYfLTn8},
  urldate =	 {13-III-2024},
}



@online{ -Ver-2024,
  author =	 {},
  title =	 {},
  year =	 2024,
  url =		 {https://www.youtube.com/watch?v=8VsiYWW9r48},
  urldate =	 {27-VII-2024},
}



@online{ -Ver-2024,
  author =	 {},
  title =	 {},
  year =	 2024,
  url =		 {https://www.youtube.com/watch?v=9gXeS8BoLmE},
  urldate =	 {28-VII-2024},
}



@online{ -Ver-2020,
  author =	 {},
  title =	 {},
  year =	 2020,
  url =		 {https://www.youtube.com/watch?v=8_0tbkbSGRE},
  urldate =	 {11-VIII-2024},
}



@online{ -ETC-Ver-2020,
  author =	 {},
  title =	 {},
  year =	 2020,
  url =		 {https://www.youtube.com/watch?v=bVJ-mWWL7cE},
  urldate =	 {12-VIII-2024},
}



@online{ -ETC-Ver-2016,
  author =	 {},
  title =	 {},
  year =	 2024,
  url =		 {https://www.youtube.com/watch?v=yAdt5NGZwCk},
  urldate =	 {01-VII-2024},
}



@online{ -Ver-2015,
  author =	 {},
  title =	 {},
  year =	 2015,
  url =		 {https://www.youtube.com/watch?v=yOyaJXpAYZQ},
  urldate =	 {26-VII-2024},
}



@online{ -100-Seconds-Ver-2022,
  author =	 {},
  title =	 {},
  year =	 2022,
  url =		 {https://www.youtube.com/watch?v=4gwYkEK0gOk},
  urldate =	 {02-VII-2024},
}



@online{ -Ver-2017,
  author =	 {},
  title =	 {},
  year =	 2017,
  url =		 {https://www.youtube.com/watch?v=QXjU9qTsYCc},
  urldate =	 {28-VII-2024},
}



@online{ -Ver-2024,
  author =	 {},
  title =	 {},
  year =	 2024,
  url =		 {https://www.youtube.com/watch?v=8VsiYWW9r48},
  urldate =	 {10-VII-2024},
}



@online{ -Ver-2013,
  author =	 {},
  title =	 {},
  year =	 2013,
  url =		 {https://www.youtube.com/watch?v=Mv2XQgpbTNE},
  urldate =	 {28-VII-2024},
}



@online{ -ETC-Ver-2023,
  author =	 {},
  title =	 {},
  year =	 2023,
  url =		 {https://www.youtube.com/watch?v=lw_Lnyhvy-c},
  urldate =	 {03-VIII-2024},
}



@online{ -ETC-Ver-2020,
  author =	 {},
  title =	 {},
  year =	 2020,
  url =		 {https://www.youtube.com/watch?v=FV6P5eRmMh8},
  urldate =	 {02-VIII-2024},
}



@online{ -ETC-Ver-2020,
  author =	 {},
  title =	 {},
  year =	 2020,
  url =		 {https://www.youtube.com/watch?v=8NdrdxkBP3U},
  urldate =	 {18-VIII-2024},
}



@online{ -ETC-Ver-2023,
  author =	 {},
  title =	 {},
  year =	 2023,
  url =		 {https://www.youtube.com/watch?v=w4I-TKKGACg},
  urldate =	 {13-VIII-2024},
}










@Comment #############################################################
@Comment
@Comment #############################################################


@online{ -Ver-2024,
  author =	 {},
  title =	 {},
  url =		 {https://cs.lmu.edu/~ray/notes/nasmtutorial/},
  urldate =	 {18-VIII-2024},
}










@Comment #############################################################
@Comment
@Comment #############################################################


@Comment ###############################
@Comment
@Comment ###############################


@online{ -ETC-Ver-2018,
  author =	 {},
  title =	 {},
  year =	 {2018},
  url =
                  {https://opensource.com/article/18/5/you-dont-know-bash-intro-bash-arrays},
  urldate =	 {06-IV-2024},
}



@online{ -Ver-2019,
  author =	 {},
  title =	 {},
  year =	 {2019},
  url =		 {https://opensource.com/article/19/10/programming-bash-syntax-tools},
  urldate =	 {24-III-2024},
}



@online{ -Ver-2020,
  author =	 {},
  title =	 {},
  year =	 2020,
  url =		 {https://linuxize.com/post/bash-functions/},
  urldate =	 {23-V-2024},
}



@online{ -Ver-2003,
  author =	 {},
  title =	 {},
  year =	 {2003},
  url =		 {https://tldp.org/HOWTO/Bash-Prompt-HOWTO/index.html},
  urldate =	 {6-V-2024},
}



@online{ -Unix-Ver-2022,
  author =	 {},
  title =	 {},
  year =	 2022,
  url =
                  {https://www.digitalocean.com/community/tutorials/grep-command-in-linux-unix},
  urldate =	 {13-III-2024},
}



@online{ -ETC-Ver-2022,
  author =	 {},
  title =	 {},
  year =	 2022,
  url =
                  {https://www.digitalocean.com/community/tutorials/linux-ps-command},
  urldate =	 {02-IV-2024},
}



@online{ -kill-Ver-2023,
  author =	 {},
  title =	 {},
  year =	 {2023},
  url =		 {https://linuxiarze.pl/porady-admina-procps-kill/},
  urldate =	 {21-III-2024},
}



@online{ -ETC-Ver-2023,
  author =	 {},
  title =	 {},
  year =	 {2023},
  url =		 {https://ioflood.com/blog/kill-linux-command/},
  urldate =	 {02-IV-2024},
}



@online{ -Statements,
  author =	 {},
  title =	 {},
  url =
                  {https://ryanstutorials.net/bash-scripting-tutorial/bash-if-statements.php},
  urldate =	 {06-IV-2024},
}



@online{ ,
  author =	 {},
  title =	 {},
  url =
                  {https://ryanstutorials.net/bash-scripting-tutorial/bash-loops.php},
  urldate =	 {15-IV-2024},
}



@online{ ,
  author =	 {},
  title =	 {},
  journal =	 {Entropy},
  volume =	 {19},
  year =	 {2017},
  number =	 {7},
  article-number ={361},
  doi =		 {10.3390/e19070361},
  url =		 {https://www.mdpi.com/1099-4300/19/7/361},
  urldate =	 {},
}










@Comment #############################################################
@Comment
@Comment #############################################################













@Comment #############################################################
@Comment
@Comment #############################################################


@online{ -Symbols,
  author =	 {},
  title =	 {},
  url =
                  {https://www.cmor-faculty.rice.edu/~heinken/latex/symbols.pdf},
  urldate =	 {06-VII-2024},
}










@Comment ###############################
@Comment
@Comment ###############################


@online{ -version-3-71,
  author =	 {},
  title =	 {},
  url =
                  {https://tug.ctan.org/macros/latex/contrib/beamer/doc/beameruserguide.pdf},
  urldate =	 {16-V-2024},
}










@Comment #############################################################
@Comment
@Comment #############################################################


@Comment ###############################
@Comment
@Comment ###############################


@online{,
  author =	 {},
  title =	 {},
  url =
                  {https://www.cs.colby.edu/maxwell/courses/tutorials/maketutor/},
  urldate =	 {07-V-2024},
}



@online{ -ETC-2018,
  author =	 {},
  title =	 {},
  url =
                  {https://opensource.com/article/18/8/what-how-makefile},
  urldate =	 {07-V-2024},
}



























@Comment #############################################################
@Comment
@Comment #############################################################


@online{ -awk-2020,
  author =	 {},
  title =	 {},
  url =		 {https://opensource.com/article/20/9/awk-ebook},
  urldate =	 {28-V-2024},
}
