@Comment #############################################################
@Comment #############################################################
@Comment MATHEMATICS, BOOKS
@Comment #############################################################
@Comment #############################################################



@Comment #############################################################
@Comment ARITHMETICS
@Comment #############################################################


@book{ GancarzewiczArytmetyka2000,
  author =	 {Jacek Gancarzewicz},
  title =	 {Arytmetyka},
  publisher =	 {Wydawnictwo Uniwersytetu Jagiellońskiego},
  address =	 {Kraków},
  year =	 2000,
  edition =	 {I},
}










@Comment #############################################################
@Comment ALGEBRA
@Comment #############################################################



@Comment ###############################
@Comment ABSTRACT ALGEBRA
@Comment ###############################


@book{ BialynickiBirulaZarysAlgebry1987,
  author =	 {Andrzej Białynicki-Birula},
  title =	 {Zarys algebry},
  publisher =	 {Państwowe Wydawnictwo Naukowe},
  address =	 {Warszawa},
  year =	 1987,
  edition =	 {I},
}










@Comment ###############################
@Comment GROUP THEORY
@Comment ###############################










@Comment ###############################
@Comment LINEAR ALGEBRA
@Comment ###############################


@book{ ArodzRosciszewskiAlgebraIGeometriaETC2005,
  author =	 {Henryk Arodź and Krzysztof Rościszewski},
  title =	 {Algebra i~geometria analityczna w~zadaniach},
  publisher =	 {Wydawnictwo Znak},
  address =	 {Kraków},
  year =	 2005,
  edition =	 {I},
}



@book{ GancarzewiczAlgebraLiniowa2004,
  author =	 {Jacek Gancarzewicz},
  title =	 {Algebra liniowa i~jej zastosowania},
  publisher =	 {Wydawnictwo Uniwersytetu Jagiellońskiego},
  address =	 {Kraków},
  year =	 2004,
  edition =	 {I},
}



@book{ HerdegenAlgebraLiniowaIGeometria2010,
  author =	 {Andrzej Herdegen},
  title =	 {Algebra liniowa i~geometria},
  publisher =	 {DISCEPTO},
  address =	 {Kraków},
  year =	 2010,
  edition =	 {II~-- poprawione i~rozszerzone},
}










@Comment #############################################################
@Comment COMBINATORICS
@Comment #############################################################


@book{ LipskiMarekAnalizaKombinatoryczna1986,
  author =	 {Witold Lipski and Wiktor Marek},
  title =	 {Analiza kombinatoryczna},
  publisher =	 {Państwowe Wydawnictwo Naukowe},
  address =	 {Warszawa},
  year =	 1986,
  edition =	 {I},
  series =	 {Biblioteka Matematyczna},
  number =	 59,
  note =	 {Książka napisana przy współpracy z~Michałem
                  Jaegermannem},
}










@Comment #############################################################
@Comment FOUNDATIONS OF MATHEMATICS
@Comment #############################################################



@Comment ###############################
@Comment LOGICS
@Comment ###############################


@book{ BremerWprowadzenieDoLogiki2004,
  author =	 {Józef W.~Bremer},
  title =	 {Wprowadzenie do~logiki},
  publisher =	 {Wydawnictwo WAM},
  address =	 {Kraków},
  year =	 2004,
  edition =	 {I},
  series =	 {Myśl Filozoficzna},
}










@Comment ###############################
@Comment MATHEMATICAL LOGICS
@Comment ###############################


@book{ GrzegorczykZarysLogikiMatematycznej1975,
  author =	 {Andrzej Grzegorczyk},
  title =	 {Zarys logiki matematycznej},
  publisher =	 {Państwowe Wydawnictwo Naukowe},
  address =	 {Warszawa},
  year =	 1975,
  edition =	 {IV},
  series =	 {Biblioteka matematyczna},
  number =	 20,
}



@book{ LukasiewiczElementyLogikiMatematycznej1929,
  author =	 {Jan Łukasiewicz},
  title =	 {Elementy logiki matematycznej. Skryp autoryzowany},
  publisher =	 {Nakładem Komisji Wydawniczej Koła
		  Matematyczno-Fizycznego Słuchaczów Uniwersytetu
		  Warszawskiego},
  address =	 {Warszawa},
  year =	 1929,
  edition =	 {I},
  note =	 {Reprint przez Wydawnictwo Uniwersystetu im.~Adama
		  Mickiewicza w~Poznaniu},
}



@book{ QuineLogikaMatematyczna1974,
  author =	 {Willard Van Orman Quine},
  title =	 {Logika matematyczna},
  publisher =	 {Państwowe Wydawnictwo Naukowe},
  address =	 {Warszawa},
  year =	 1974,
  edition =	 {I},
  note =	 {Tłum. Leon Koj},
}










@Comment ###############################
@Comment SET THEORY
@Comment ###############################


@book{ KuratowskiWstepTeoriiMnogosciITopologii2004,
  author =	 {Kazimierz Kuratowski},
  title =	 {Wstęp do~teorii mnogości i~topologii},
  publisher =	 {Wydawnictwo Naukowe PWN},
  address =	 {Warszawa},
  year =	 2004,
  edition =	 {IX},
  note =	 {Wraz z~dodatkiem Ryszarda Engelkinga \textit{Elementy
		  topologii algebraicznej}},
}










@Comment ###############################
@Comment CATEGORY THEORY
@Comment ###############################


@book{ SemadeniWiwegerWstepDoTeoriiKategoriiETC1972,
  author =	 {Zbigniew Semadeni and Antoni Wiweger},
  title =	 {Wstęp do~teorii kategorii i~funktorów},
  publisher =	 {Państwowe Wydawnictwo Naukowe},
  address =	 {Warszawa},
  year =	 1972,
  edition =	 {I},
  series =	 {Biblioteka Matematyczna},
  number =	 45,
}










@Comment #############################################################
@Comment FUNCTIONAL ANALYSIS
@Comment #############################################################


@book{ BalakrishnanAnalizaFunkcjonalnaStosowana1992,
  author =	 {A. V. Balakrishnan},
  title =	 {Analiza funkcjonalna stosowana},
  publisher =	 {Wydawnictwo Naukowe PWN},
  address =	 {Warszawa},
  year =	 1992,
  edition =	 {I},
}



@book{ DeitmarEcherhoffPrinciplesOfHarmonicAnalysis2009,
  author =	 {Anton Deitmar and Siegfried Echterhoff},
  title =	 {Principles~of Harmonic Analysis},
  publisher =	 {Springer},
  address =	 {New York, NY},
  year =	 2009,
  edition =	 {{}},
  doi =		 {10.1007/978-0-387-85469-4},
  url =		 {https://doi.org/10.1007/978-0-387-85469-4},
}



@book{ ChmielinskiAnalizaFunkcjonalna2004,
  author =	 {Jacek Chmieliński},
  title =	 {Analiza funkcjonalna. Notatki do~wykładu},
  publisher =	 {Wydawnictwo Naukowe Akademii Pedagogicznej},
  address =	 {Kraków},
  year =	 2004,
  edition =	 {II~-- uzupełnione},
}



@book{ PrusStachuraAnalizaFunkcjonalnaWZadaniach2007,
  author =	 {Stanisła Prus and Adam Stachura},
  title =	 {Analiza funkcjonalna w~zadaniach},
  publisher =	 {Wydawnictwo Naukowe PWN},
  address =	 {Warszawa},
  year =	 2007,
  edition =	 {I},
}



@book{ ReedSimonMethodsOfModernMathematicalPhysicsVolI1980,
  author =	 {Michael Reed and Barry Simon},
  title =	 {Methods~of Modern Mathematical Physics~I:
		  Functional Analysis},
  publisher =	 {Academic Press},
  address =	 {San Diego, New York, Boston, London, Sydney, Tokyo,
		  Toronto},
  year =	 1980,
  edition =	 {Revised and~enlarged edtion},
}



@book{ ReedSimonMethodsOfModernMathematicalPhysicsVolIII1980,
  author =	 {Michael Reed and Barry Simon},
  title =	 {Methods~of Modern Mathematical Physics~III:
                  Scattering Theory},
  publisher =	 {Academic Press, Inc.},
  address =	 {San Diego, New York, Berkeley, Boston, London,
                  Sydney, Tokyo, Toronto},
  year =	 1978,
  edition =	 {I},
}



@book{ ReedSimonMethodsOfModernMathematicalPhysicsVolIV1978,
  author =	 {Michael Reed and Barry Simon},
  title =	 {Methods~of Modern Mathematical Physics~IV:
		  Analysis~of Operators},
  publisher =	 {Academic Press, Inc.},
  address =	 {New York, San Francisco, London},
  year =	 1978,
  edition =	 {I},
}



@book{ RudinAnalizaFunkcjonalna2002,
  author =	 {Walter Rudin},
  title =	 {Analiza funkcjonalna},
  publisher =	 {Wydawnictwo Naukowe PWN},
  address =	 {Warszawa},
  year =	 2002,
  edition =	 {II},
}



@book{ RudinAnalizaFunkcjonalna2012,
  author =	 {Walter Rudin},
  title =	 {Analiza funkcjonalna},
  publisher =	 {Wydawnictwo Naukowe PWN},
  address =	 {Warszawa},
  year =	 2012,
  edition =	 {II~-- 4~dodruk},
  note =	 {Tłum. Piotr Sołtan, Tadeusz Świrszcz, Grzegorz
                  Świrszcz},
}



@book{ SchmudgenUnboundedSelfadjointOperatorsHilberSpace2012,
  author =	 {Konrad Schmu{\"{u}}dgen},
  title =	 {Unbounded Self-adjoint Operators on~Hilbert Space},
  publisher =	 {Springer},
  address =	 {Dordrecht, Heidelberg, New York, London},
  year =	 2012,
  edition =	 {I},
  series =	 {Graduate Texts in~Mathematics},
  number =	 265,
}










@Comment ###############################
@Comment OPERATORS ALGEBRA
@Comment ###############################


@book{ BratteliRobinsonOperatorAlgebrasETCVolI2002,
  author =	 {Ola Bratteli and Derek W. Robinson},
  title =	 {Operator Algebras and~Quantum Statistical
                  Mechanics~1. $C^{ * }$- and $W^{ * }$-Algebras,
                  Symmetry Groups, Decomposition~of States},
  publisher =	 {Springer},
  address =	 {Berlin, Heidelberg},
  year =	 2002,
  edition =	 {II},
}


@Comment ????
@book{ GossonSymplecticGeometryAndQuantumMechanics2000,
  author =	 {Maurice de~Gosson},
  title =	 {Symplecitc Geometry and Quantum Mechanics},
  publisher =	 {Birkh\"{a}user},
  address =	 {Base, Boston, Berlin},
  year =	 2006,
  edition =	 {I},
  series =	 {Operator Theory: Advances and~Applications},
  number =	 166,
}










@Comment ###############################
@Comment THEORY OF DISTRIBUTIONS
@Comment ###############################


@book{ AntosikMikusinskiSikorskiTheoryOfDistributionsETC1973,
  author =	 {P. Antosik and J. Mikusiński and R. Sikorski},
  title =	 {Theory of distributions. The~sequential approach},
  publisher =	 {Elsevier Scientific Publishin Company, PWN~-- Polish
                  Scientific Publishers},
  address =	 {Amsterdam, Warszawa},
  year =	 1973,
}



@book{ GelfandShilovGeneralizedFunctionsVolI1964,
  author =	 {I. M. Gelfand and G. V. Shilov},
  title =	 {Generalized Functions. Volume~I: Properties
		  and~Operations},
  publisher =	 {Academic Press},
  address =	 {New York and London},
  year =	 1964,
}



@book{ ZemanianTeoriaDystrybucji1969,
  author =	 {Armen H.~Zemanian},
  title =	 {Teoria dystrybucji i~analiza transformat},
  publisher =	 {Państwowe Wydawnictwo Naukowe},
  address =	 {Warszawa},
  edition =	 {I},
  year =	 1969,
}



@Comment #############################################################
@Comment MATHEMATICAL ANALYSIS INCLUDING CALCULUS
@Comment #############################################################



@Comment ###############################
@Comment "XIX CENTURY" CALCULUS
@Comment ###############################


@book{ FichtenholzRachunekRozniczkowyETCVolI2005,
  author =	 {Grigorij Michajłowicz Fichtenholz},
  title =	 {Rachunek różniczkowy i~całkowy. Tom~I},
  publisher =	 {Wydawnictwo Naukowe PWN},
  address =	 {Warszawa},
  year =	 2005,
  volume =	 {I},
  edition =	 {XII~-- trzeci dodruk},
  note =	 {Tłum. Ryszard Bittner, Bolesław Gleichgewicht,
                  Tadeusz Huskowski},
}



@book{ FichtenholzRachunekRozniczkowyETCVolII2004,
  author =	 {Grigorij Michajłowicz Fichtenholz},
  title =	 {Rachunek różniczkowy i~całkowy},
  publisher =	 {Wydawnictwo Naukowe PWN},
  address =	 {Warszawa},
  year =	 2004,
  volume =	 {II},
  edition =	 {XII~-- drugi dodruk},
  note =	 {Tłum. Abraham Goetz, Lucjan Szamkołowicz, Bolesław
                  Gleichgewicht, Tadeusz Huskowski, Edward Piegat},
}



@book{ FichtenholzRachunekRozniczkowyETCVolIII2005,
  author =	 {Grigorij Michajłowicz Fichtenholz},
  title =	 {Rachunek różniczkowy i~całkowy},
  publisher =	 {Wydawnictwo Naukowe PWN},
  address =	 {Warszawa},
  year =	 2004,
  volume =	 {III},
  edition =	 {X~-- drugi dodruk},
}



@book{ KrysickiWlodarskiAnalizaWZadaniachVolI2005,
  author =	 {Włodzimierz Krysicki and L. Włodarski},
  title =	 {Analiza matematyczna w~zadaniach},
  publisher =	 {Wydawnictwo Naukowe PWN},
  address =	 {Warszawa},
  year =	 2005,
  volume =	 {I},
  edition =	 {XXIX~-- trzeci dodruk},
}



@book{ KrysickiWlodarskiAnalizaWZadaniachVolII2004,
  author =	 {Włodzimierz Krysicki and L. Włodarski},
  title =	 {Analiza matematyczna w~zadaniach},
  publisher =	 {Wydawnictwo Naukowe PWN},
  address =	 {Warszawa},
  year =	 2004,
  volume =	 {II},
  edition =	 {XXVII},
}



@book{ WhittakerWatsonKursAnalizyWspolczesnejVolI1967,
  author =	 {E. T. Whittaker, G. N. Watson},
  title =	 {Kurs analizy współczesnej},
  publisher =	 {Państwowe Wydawnictwo Naukowe},
  address =	 {{}},
  year =	 1967,
  volume =	 {I},
}



@book{ WittakerWatsonKursAnalizyWspolczesnejVolII1968,
  author =	 {E. T. Whittaker, G. N. Watson},
  title =	 {Kurs analizy współczesnej},
  publisher =	 {Państwowe Wydawnictwo Naukowe},
  address =	 {{}},
  year =	 1968,
  volume =	 {II},
}










@Comment ###############################
@Comment "XX CENTURY" CALCULUS
@Comment ###############################


@book{ LojasiewiczWstepDoTeoriiFunkcjiRzeczywistych1976,
  author =	 {Stanisław Łojasiewicz},
  title =	 {Wstęp do~teorii funkcji rzeczywistych},
  publisher =	 {Państwowe Wydawnictwo Naukowe},
  address =	 {Warszawa},
  year =	 1976,
  edition =	 {II},
  series =	 {Biblioteka Matematyczna},
  number =	 46,
}



@book{ MaurinAnalizaVolI1974,
  author =	 {Krzysztof Maurin},
  title =	 {Analiza. Część~I: Elementy},
  publisher =	 {Państwowe Wydawnictwo Naukowe},
  address =	 {Warszawa},
  year =	 1974,
  edition =	 {III},
  series =	 {Biblioteka Matematyczna},
  number =	 38,
}



@book{ MaurinAnalizaVolII1991,
  author =	 {Krzysztof Maurin},
  title =	 {Analiza. Część~II: Ogólne struktury, funkcje
                  algebraiczne, całkowanie, analiza tensorowa},
  publisher =	 {Wydawnictwo Naukowe PWN},
  address =	 {Warszawa},
  year =	 1991,
  volume =	 {II},
  edition =	 {II~-- zmieninone},
  series =	 {Biblioteka Matematyczna},
  number =	 170,
}



@book{ NahinInterestingIntegrals2015,
  author =	 {P. J. Nahin},
  title =	 {Inside Interesting Integrals},
  publisher =	 {Springer},
  address =	 {New York, Heidelberg, Dordrecht, London},
  year =	 2015,
  edition =	 {I},
}



@book{ RudinAnalizaRzeczywistaIZespolona1986,
  author =	 {Walter Rudin},
  title =	 {Analiza rzeczywista i~zespolona},
  publisher =	 {Państwowe Wydawnictwo Naukowe},
  address =	 {Warszawa},
  year =	 1986,
  edition =	 {I},
}



@book{ RudinAnalizaRzeczywistaIZespolona1998,
  author =	 {Walter Rudin},
  title =	 {Analiza rzeczywista i~zespolona},
  publisher =	 {Wydawnictwo Naukowe PWN},
  address =	 {Warszawa},
  year =	 1998,
  edition =	 {II},
}



@book{ SchwartzKursAnalizyMatematycznejVolI1979,
  author =	 {Laurent Schwartz},
  title =	 {Kurs analizy matematycznej},
  publisher =	 {Państwowe Wydawnictwo Naukowe},
  address =	 {Warszawa},
  year =	 1979,
  volume =	 {I},
  edition =	 {I},
}



@book{ SchwartzKursAnalizyMatematycznejVolII1980,
  author =	 {Laurent Schwartz},
  title =	 {Kurs analizy matematycznej},
  publisher =	 {Państwowe Wydawnictwo Naukowe},
  address =	 {Warszawa},
  year =	 1980,
  volume =	 {II},
  edition =	 {I},
}



@book{ StankiewiczZadaniaZMatematykiETCVolI1980,
  author =	 {W. Stankiewicz},
  title =	 {Zadania z~matematyki dla wyższych uczelni
                  technicznych},
  publisher =	 {Państwowe Wydawnictwo Naukowe},
  address =	 {Warszawa},
  year =	 1980,
  edition =	 {V~-- zmienione},
  volume =	 {I},
}










@Comment ###############################







@Comment ###############################
@Comment VECTOR CALCULUS
@Comment ###############################


@book{ GalbisMaestreVectorAnalysisVsVectorCalculus,
  author =	 {Antonio Galbis and Manuel Maestre},
  title =	 {Vector Analysis Versus Vector Calculus},
  publisher =	 {Springer},
  address =	 {New York, Dordrecht, Heidelberg, London},
  edition =	 {I},
  year =	 1980,
  series =	 {Universitext},
}










@Comment ###############################
@Comment CALCULUS OF VARIATIONS
@Comment ###############################


@book{ GelfandFominRachunekWariacyjny1972,
  author =	 {I. M. Gelfand and S. W. Fomin},
  title =	 {Rachunek wariacyjny},
  publisher =	 {Państwowe Wydawnictwo Naukowe},
  address =	 {Warszawa},
  year =	 1972,
  edition =	 {II poprawione},
  note =	 {Tłum. Mirosław Mochnacki},
}



@book{ GelfandFominRachunekWariacyjny1979,
  author =	 {I. M. Gelfand and S. W. Fomin},
  title =	 {Rachunek wariacyjny},
  publisher =	 {Państwowe Wydawnictwo Naukowe},
  address =	 {Warszawa},
  year =	 1979,
  edition =	 {IV},
}



@book{ JostLiJostCalculusOfVariations1998,
  author =	 {J. Jost and X. Li-Jost},
  title =	 {Calculus~of Variations},
  publisher =	 {Cambridge University Press},
  year =	 1998,
}










@Comment ###############################
@Comment COMPLEX ANALYSIS
@Comment ###############################


@book{ JakobczakJarnickiFunkcjeHolomorficzneWieluZmiennych2002,
  author =	 {P. Jakóbczak and M. Jarnicki},
  title =	 {Wstęp do~teorii funkcji holomorficznych wielu
		  zmiennych zespolonych},
  publisher =	 {Wydawnictwo Uniwersytetu Jagiellońskiego},
  address =	 {Kraków},
  year =	 2002,
  edition =	 {I},
}



@book{ LejaFunkcjeZespolone2006,
  author =	 {Franciszek Leja},
  title =	 {Funkcje zespolone},
  publisher =	 {Wydawnictwo Naukowe PWN},
  address =	 {Warszawa},
  year =	 2006,
  edition =	 {VI},
}



@book{ SzabatWstepDoAnalizyZespolonej1974,
  author =	 {W. B. Szabat},
  title =	 {Wstęp do analizy zespolonej},
  publisher =	 {Państwowe Wydawnictwo Naukowe},
  address =	 {Warszawa},
  year =	 1974,
  edition =	 {I},
}



@book{ KrzyzZbiorZadanZFunkcjiAnalitycznych2005,
  author =	 {Jan Krzyż},
  title =	 {Zbiór zadań z~funkcji analitycznych},
  publisher =	 {Wydawnictwo Naukowe PWN},
  address =	 {Warszawa},
  year =	 2005,
  edition =	 {V},
}










@Comment ###############################
@Comment MEASURE THEORY
@Comment ###############################


@book{ BogachevMeasureTheory2007,
  author =	 {V. I. Bogachev},
  title =	 {Measure Theory},
  publisher =	 {Springer},
  year =	 2007,
  edition =	 {I},
  volume =	 {I},
}



@book{ KrantzParksGeometricIntegrationTheory2008,
  author =	 {Steven G.~Krantz, Harold R.~Parks},
  title =	 {Geometric Integration Theory},
  publisher =	 {Birkh{\"{a}}user},
  address =	 {Boston, Basel, Berlin},
  year =	 2008,
  series =	 {Cornerstones},
}










@Comment ###############################
@Comment NONSTANDARD ANALYSIS
@Comment ###############################


@book{ GoldblattLecturesOnTheHyperrealsETC1988,
  author =	 {Robert Goldblatt},
  title =	 {Lectures on the~Hyperreals. An~Introduction to
                  Nonstandard Analysis},
  publisher =	 {Springer},
  address =	 {New York, Berlin, Heidelberg, Barcelona, Budapest,
                  Hong Kong, London, Milan, Paris, Singapore, Tokyo},
  year =	 1998,
  edition =	 {I},
  series =	 {Graduate Texts in~Mathematics},
  number =	 188,
}



@online{ RosingerShortIntroNonstandardAnalysis2004,
  author =	 {Elem\acute{e}r E.~Rosinger},
  title =	 {Short introduction to~Nonstandard Analysis},
  year =	 2004,
  month =	 07,
  archivePrefix ={arXiv},
  eprint =	 {0407178},
  primaryClass = {math.GM},
  note =	 {Work published on ArXiv.},
}










@Comment #############################################################
@Comment ORDINARY DIFFERENTIAL EQUATIONS
@Comment #############################################################


@book{ ArnoldRownaniaRozniczkoweZwyczajne1975,
  author =	 {Władimir Igorewicz Arnold},
  title =	 {Równania różniczkowe zwyczajne},
  publisher =	 {Państwowe Wydawnictwo Naukowe},
  address =	 {Warszawa},
  year =	 1975,
  edition =	 {I},
}



@book{ ArnoldTeoriaRownanRozniczkowych1983,
  author =	 {Władymir Igorewicz Arnold},
  title =	 {Teoria równań różniczkowych},
  publisher =	 {Państwowe Wydawnictwo Naukowe},
  address =	 {Warszawa},
  year =	 1983,
  edition =	 {I},
}



@book{ HairerNorsettWannerSolvingOridinaryDifferentialEquationsETCVolI1987,
  author =	 {E. Hairer, S. P. N\{o}rsett, G. Wanner},
  title =	 {Solving Ordinary Differential Equtions~I: Nonstiff
                  Problems},
  publisher =	 {Springer},
  address =	 {{}},
  year =	 1987,
  volume =	 {I},
  series =	 {Springer Series in Computational Mathematics},
  edition =	 {I},
}



@book{ MatwiejewMetodyCalkowaniaRownanRozniczkowychZwyczajnych1982,
  author =	 {N. M. Matwiejew},
  title =	 {Metody całkowania równań różniczkowych zwyczajnych},
  publisher =	 {Państwowe Wydawnictwo Naukowe},
  address =	 {Warszawa},
  year =	 1982,
  edition =	 {I},
}



@book{ MatwiejewMetodyCalkowaniaRownanRozniczkowychZwyczajnych1986,
  author =	 {N. M. Matwiejew},
  title =	 {Metody całkowania równań różniczkowych zwyczajnych},
  publisher =	 {Państwowe Wydawnictwo Naukowe},
  address =	 {Warszawa},
  year =	 1986,
  edition =	 {IV},
  note =	 {Tłumaczył Lech T.~Kubik},
}



@book{ TeschlOrdinaryDifferentialEquationsAndDynamicalSystems2012,
  author =	 {G. Teschl},
  title =	 {Ordinary Differential Equations and Dynamical
                  Systems},
  publisher =	 {American Mathematical Society},
  address =	 {{}},
  year =	 2012,
  edition =	 {{}},
  series =	 {Graduate Studies in Mathematics},
  number =	 140,
}










@Comment #############################################################
@Comment THEORY OF PROBABILITY AND STATISTICS, BOOKS
@Comment #############################################################


@book{ BillingsleyPrawdopodobienstwoIMiara2009,
  author =	 {Patrick Billingsley},
  title =	 {Prawdopodobieństwo i~miara},
  publisher =	 {Wydawnictwo Naukowe PWN},
  address =	 {Warszawa},
  year =	 2009,
  edition =	 {II},
  note =	 {Tłum. z~języka angielskiego Krystyna Kizeweter,
		  Janusz E.~Roguski},
}



@book{ GniedenkoChinczynElementarnyWstepETC1965,
  author =	 {B.~Gniedenko and A.~Chinczyn},
  title =	 {Elementarny wstęp do~rachunku prawdopodobieństwa},
  publisher =	 {Państwowe Wydawnictwo Naukowe},
  address =	 {Warszawa},
  year =	 1965,
  edition =	 {IV},
  series =	 {Biblioteka Problemów},
  volume =	 {LXII},
  note =	 {Tłum. A.~Grużewski, R.~Bartoszyński},
}



@book{ FellerWstepDoRachunkuPrawdopodobienstwaVolI2006,
  author =	 {William Feller},
  title =	 {Wstęp do~rachunku prawdopodobieństwa},
  publisher =	 {Wydawnictwo Naukowe PWN},
  address =	 {Warszawa},
  year =	 2006,
  volume =	 {I},
  edition =	 {VI},
  note =	 {Tłumaczyli Robert Bartoszyński i~Bronisław Bielecki},
}



@book{ ZielinskiRachunekPrawdopodobienstwaZElementamiStatystymi1980,
  author =	 {Ryszard Zieliński},
  title =	 {Rachunek prawdopodobieństwa z~elementami statystyki
                  matematycznej},
  publisher =	 {Wydawnictwo Szkolne i~Pedagogiczne},
  address =	 {Warszawa},
  year =	 1980,
  edition =	 {III},
}










@Comment #############################################################
@Comment VERY SIMPLE BOOKS ABOUT MATHEMATICS
@Comment #############################################################


@book{ WeylSymetria1997,
  author =	 {Hermann Weyl},
  title =	 {Symetria},
  publisher =	 {Prószyński i~S-ka},
  address =	 {Warszawa},
  year =	 1997,
  edition =	 {II, poprawione},
  series =	 {Klasycy nauki},
  note =	 {Tłum. Stefan Kulczycki},
}



@book{ YauNadisGeometriaTeoriiStrun2012,
  author =	 {Shing-Tung Yau and Steve Nadis},
  title =	 {Geometria teorii strun. Ukryte wymiary przestrzeni},
  publisher =	 {Prószyński i~S-ka},
  address =	 {Warszawa},
  year =	 2012,
  edition =	 {I},
  note =	 {Tłum. Bogumił Bieniok i~Ewa L.~Łokas},
}