@Comment ##############################################################
@Comment ##############################################################
@Comment In Our Time. Netography
@Comment ##############################################################
@Comment ##############################################################


@online{ In-Our-Time-Alfred-Russel-Wallace-Ver-2013,
  author =	 {In Our Time},
  title =	 {Alfred Russel Wallace},
  year =	 2013,
  url =		 {https://www.bbc.co.uk/programmes/b01r9rxr},
  urldate =	 {11-VIII-2024},
}



@online{ In-Our-Time-Bergson-and-Time-Ver-2019,
  author =	 {In Our Time},
  title =	 {Bergson and Time},
  year =	 2019,
  url =		 {https://www.bbc.co.uk/programmes/m0004s9w},
  urldate =	 {11-VIII-2024},
}



@online{ In-Our-Time-Is-Shakespear-History-The-Romans-Ver-2018,
  author =	 {In Our Time},
  title =	 {Is~Shakespeare History? The~Romans},
  year =	 2018,
  url =		 {https://www.bbc.co.uk/programmes/m0000qnh},
  urldate =	 {11-VIII-2024},
}



@online{ In-Our-Time-The-Cavendish-Family-ETC-Ver-2010,
  author =	 {In Our Time},
  title =	 {The Cavendish Family in Science},
  year =	 2010,
  url =		 {https://www.bbc.co.uk/programmes/b00sdbw4},
  urldate =	 {21-VII-2024},
}



@online{ In-Our-Time-The-Great-Gatsby-Ver-2021,
  author =	 {In Our Time},
  title =	 {The Great Gatsby},
  year =	 2021,
  url =		 {https://www.bbc.co.uk/programmes/m000r4tq},
  urldate =	 {11-VIII-2024},
}



@online{ In-Our-Time-The-Late-Devonian-Extinction-ETC-Ver-2021,
  author =	 {In Our Time},
  title =	 {The Late Devonian Extinction},
  year =	 2021,
  url =		 {https://www.bbc.co.uk/programmes/m000sz7x},
  urldate =	 {11-VIII-2024},
}



@online{ -Pub-1975,
  author =	 {},
  title =	 {},
  year =	 1975,
  url =		 {https://www.bbc.co.uk/programmes/m000sz7x},
  urldate =	 {11-VIII-2024},
}



@book{ -Pub-1976,
  author =	 {},
  title =	 {},
  publisher =	 {Państwowe Wydawnictwo Naukowe},
  address =	 {Warszawa},
  year =	 1976,
}



@book{ -Pub-2009,
  author =	 {},
  title =	 {},
  publisher =	 {Wydawnictwo FLAIR},
  address =	 {Kraków},
  year =	 2009,
}






@Comment ##############################################################
@Comment
@Comment ##############################################################













@Comment #############################################################
@Comment
@Comment #############################################################






















@Comment #############################################################
@Comment
@Comment #############################################################













@Comment #############################################################
@Comment
@Comment #############################################################













@Comment ##############################################################
@Comment
@Comment ##############################################################

















@Comment #############################################################
@Comment
@Comment #############################################################













@Comment ###############################
@Comment
@Comment ###############################













@Comment ###############################
@Comment
@Comment ###############################













@Comment ###############################
@Comment
@Comment ###############################













@Comment ###############################
@Comment
@Comment ###############################













@Comment #############################################################
@Comment
@Comment #############################################################













@Comment #############################################################
@Comment Logic
@Comment #############################################################



@Comment #############################################################
@Comment
@Comment #############################################################


@book{ -ETC-Pub-2021,
  author =	 {},
  title =	 {},
  publisher =	 {Fundacja Instytut Badawczy Pro Vita Bona},
  address =	 {Warszawa},
  year =	 2021,
  edition =	 {I},
}










@Comment #############################################################
@Comment
@Comment #############################################################


@book{ -Pub-2017,
  author =	 {},
  title =	 {},
  publisher =	 {Wydawnictwo Krytyki Politycznej},
  address =	 {Warszawa},
  year =	 2017,
  edition =	 {I},
  note =	 {Tłum. Bartosz Nowacki}
}



@book{ -Pub-2013,
  author =	 {},
  title =	 {},
  publisher =	 {Zysk i~S-ka},
  address =	 {Poznań},
  year =	 {2013?},
  edition =	 {I},
}



@book{ -Pub-2017,
  author =	 {},
  title =	 {},
  publisher =	 {Wydawnictwo Krytyki Politycznej},
  address =	 {Warszawa},
  year =	 2017,
  edition =	 {I},
  note =	 {Tłum. Robert Mitoraj},
}










@Comment #############################################################
@Comment
@Comment #############################################################


@book{ -Pub-2011,
  author =	 {},
  title =	 {},
  publisher =	 {Wydawnictwo Wektory},
  address =	 {Bielany Wrocławskie},
  year =	 2011,
  edition =	 {I},
}



@book{ -Pub-2020,
  author =	 {},
  title =	 {},
  publisher =	 {Wydawnictwo Agora},
  address =	 {Warszawa},
  year =	 2020,
  edition =	 {I},
  note =	 {Tłum. Piotr Tarczyński},
}



@book{ -Ortodoksja,
  author =	 {},
  title =	 {},
  publisher =	 {Warszawa -- Ząbki},
  edition =	 {II -- Poprawione},
}



@book{ -Pub-2013,
  author =	 {},
  title =	 {},
  publisher =	 {Wydawnictwo Diecezjalne i~Drukarnia w~Sandomierzu},
  address =	 {Sandomierz},
  year =	 2013,
  note =	 {Tłum. Macier Reda},
}



@book{ -Pub-1974,
  author =	 {},
  title =	 {},
  publisher =	 {Znak},
  address =	 {Kraków},
  year =	 1974,
}



@book{ -Pub-2014,
  author =	 {},
  title =	 {},
  publisher =	 {PATRIA MEDIA},
  address =	 {Kraków},
  year =	 2014,
  edition =	 {I},
  note =	 {Wstęp, wybór i~opracowanie tekstów: Adam
		  Chmielnicki},
}



@book{ -Pub-2019,
  author =	 {},
  title =	 {},
  publisher =	 {3S~MEDIA Sp.~z~o.o.},
  address =	 {Warszawa},
  year =	 2019,
  edition =	 {I},
  series =	 {Biblioteka Wolności},
}



@book{ -Pub-2014,
  author =	 {},
  title =	 {},
  publisher =	 {Wydawnictwo Słowa i~Myśli},
  address =	 {Warszawa},
  year =	 2014,
  edition =	 {I},
}



@book{ -Pub-2018,
  author =	 {},
  title =	 {},
  publisher =	 {Wydawnictwo~AA},
  address =	 {Kraków},
  year =	 2018,
  edition =	 {I},
  note =	 {Tłum. Małgorzata Samborsk},
}



@book{ -Vol-I-Pub-2012,
  author =	 {},
  title =	 {},
  publisher =	 {ANTYK},
  year =	 2012,
  volume =	 {I},
}



@book{ -ETC-Pub-2022,
  author =	 {},
  title =	 {},
  publisher =	 {Wydawnictwo Arcana},
  address =	 {Kraków},
  year =	 2022,
  edition =	 {I},
  isbn =	 {978-83-65350-74-9},
}



@book{ -Pub-2006,
  author =	 {},
  title =	 {},
  publisher =	 {Ośrodek Myśli Politycznej. Wyższa Szkoła Europejska
                  im.~ks.~Józefa Tischnera},
  address =	 {Kraków},
  year =	 2006,
  edition =	 {I},
  series =	 {Biblioteka Myśli Politycznej},
  volume =	 47,
}



@book{ -Pub-2011,
  author =	 {},
  title =	 {},
  publisher =	 {Ośrodek Myśli Politycznej},
  address =	 {Kraków},
  year =	 2011,
  edition =	 {I},
}



@book{ -Pub-2012,
  author =	 {},
  title =	 {},
  publisher =	 {Ośrodek Myśli Politycznej},
  address =	 {Kraków},
  year =	 2012,
  edition =	 {I},
}



@book{ -ETC-Pub-2002,
  author =	 {},
  title =	 {},
  publisher =	 {Kraków},
  year =	 2002,
}



@book{ -Pub-1996,
  author =	 {},
  title =	 {?},
  publisher =	 {Wydawnictwo ARCANA},
  address =	 {Kraków},
  year =	 1996,
  edition =	 {I},
}



@book{ -Pub-2020,
  author =	 {},
  title =	 {},
  publisher =	 {Media Rodzina},
  address =	 {Poznań},
  year =	 2020,
}



@book{ -Pub-2008,
  author =	 {},
  title =	 {},
  publisher =	 {Wydawnictwo Uniwersytetu Jagiellońskiego},
  address =	 {Kraków},
  year =	 2008,
  edition =	 {I},
  series =	 {Edios},
  note =	 {Joanna Gilewicz},
}



@book{ -Pub-2012,
  author =	 {},
  title =	 {},
  publisher =	 {WAM},
  year =	 {2012???},
  edition =	 {II???},
  note =	 {Tłum. Jerzy Wolak},
}



@book{ -Pub-2010,
  author =	 {},
  title =	 {},
  publisher =	 {FRONDA~PL Sp.~z~o.o.},
  address =	 {Warszawa},
  year =	 2010,
  edition =	 {I},
}



@book{ -Pub-2016,
  author =	 {},
  title =	 {},
  publisher =	 {Biały Kruk},
  address =	 {Kraków},
  year =	 2016,
  edition =	 {I},
}



@book{ -Pub-2013,
  author =	 {},
  title =	 {},
  publisher =	 {Sic!},
  address =	 {Warszawa},
  year =	 2013,
  edition =	 {I},
}



@book{ -Pub-2020,
  author =	 {},
  title =	 {},
  publisher =	 {Biały Kruk},
  address =	 {Kraków},
  year =	 2020,
  edition =	 {I},
}



@book{ -Pub-2011,
  author =	 {},
  title =	 {},
  publisher =	 {Wydawnictwo Arcana},
  address =	 {Kraków},
  year =	 2011,
  edition =	 {II},
  isbn =	 {978-83-60940-93-8},
  series =	 {Arcana Historii},
}



@book{ -Pub-2012,
  author =	 {},
  title =	 {},
  publisher =	 {Biały Kruk},
  address =	 {Kraków},
  year =	 2012,
  edition =	 {I},
}



@book{ -Pub-2014,
  author =	 {},
  title =	 {},
  publisher =	 {Biały Kruk},
  address =	 {Kraków},
  year =	 2014,
  edition =	 {I},
}



@book{ -Pub-2015,
  author =	 {},
  title =	 {},
  publisher =	 {Zysk i~S-ka},
  address =	 {Poznań},
  year =	 2015,
  edition =	 {I},
}



@book{ -Pub-2009,
  author =	 {},
  title =	 {},
  publisher =	 {Wydawnictwo Znak},
  address =	 {Kraków},
  year =	 2009,
  edition =	 {II, dodruk},
}



@book{ -Pub-1996,
  author =	 {},
  title =	 {},
  publisher =	 {Znak},
  address =	 {Kraków},
  year =	 1996,
  edition =	 {II},
}










@Comment #############################################################
@Comment
@Comment #############################################################


@book{ -Pub-2014,
  author =	 {},
  title =	 {},
  publisher =	 {Black Publishing},
  address =	 {Wołowiec},
  year =	 2014,
  edition =	 {I},
  note =	 {Tłum. Robert Pucek},
}










@Comment #############################################################
@Comment
@Comment #############################################################


@book{ -Pub-2021,
  author =	 {},
  title =	 {},
  publisher =	 {Wydawnictow Czarne},
  address =	 {Wołowiec},
  year =	 2021,
  edition =	 {I},
}










@Comment #############################################################
@Comment
@Comment #############################################################


@book{ -Pub-2022,
  author =	 {},
  title =	 {},
  publisher =	 {Towarzystwo „Więź”},
  address =	 {Warszawa},
  year =	 2022,
  edition =	 {I},
  series =	 {Bibliotek „Więzi”},
  volume =	 382,
}










@Comment ##############################################################
@Comment
@Comment ##############################################################


@book{ -Pub-1992,
  author =	 {},
  title =	 {},
  publisher =	 {Państwowy Instytut Wydawniczy},
  address =	 {Warszawa},
  year =	 1992,
  edition =	 {{}},
}










@Comment ##############################################################
@Comment
@Comment ##############################################################


@book{ -Pub-1967,
  author =	 {},
  title =	 {},
  publisher =	 {Państwowe Wydawnictwo Naukowe},
  address =	 {Warszawa},
  year =	 1965,
  edition =	 {I},
  series =	 {Bibliotek Wiedzy Współczesnej „OMEGA”},
  volume =	 78,
}



@book{ -Pub-1973,
  author =	 {},
  title =	 {},
  publisher =	 {Państwowe Wydawnictwo „Wiedza Powszechna”},
  address =	 {Warszawa},
  year =	 1973,
  edition =	 {I},
  series =	 {Bibliotek Wiedzy Współczesnej „OMEGA”},
  volume =	 264,
}



@book{ -ETC-Pub-1968,
  author =	 {},
  title =	 {},
  publisher =	 {Państwowe Wydawnictwo Naukowe},
  address =	 {Warszawa},
  year =	 1968,
  edition =	 {I},
  series =	 {Biblioteka Wiedzy Współczesnej „OMEGA”},
  volume =	 {120--121},
}



@book{ -Pub-1969,
  author =	 {},
  title =	 {},
  publisher =	 {Państwowe Wydawnictwo „Wiedza Powszechna”},
  address =	 {Warszawa},
  year =	 1969,
  edition =	 {I},
  series =	 {Biblioteka Wiedzy Współczesnej „OMEGA”},
  volume =	 147,
}



@book{ -Pub-1965,
  author =	 {},
  title =	 {},
  publisher =	 {Państwowe Wydawnictwo Naukowe},
  address =	 {Warszawa},
  year =	 1965,
  edition =	 {I},
  series =	 {Bibliotek Wiedzy Współczesnej „OMEGA”},
  volume =	 36,
}










@Comment ##############################################################
@Comment
@Comment ##############################################################


@book{ -1969,
  author =	 {},
  title =	 {},
  publisher =	 {Iskry},
  address =	 {Warszawa},
  year =	 1969,
  edition =	 {VI},
  series =	 {Wędrówki śladami dawnych kultur},
}



@book{ -Pub-2001,
  author =	 {},
  title =	 {},
  publisher =	 {Państwowy Instytut Wydawniczy},
  address =	 {Warszawa},
  year =	 2001,
  edition =	 {I},
  series =	 {Biblioteka Myśli Współczesnej},
  note =	 {Przełożyła Marta Wiśniewska},
}










@Comment ##############################################################
@Comment
@Comment ##############################################################

@Comment ##############################################################
@Comment
@Comment ##############################################################