@Comment ##############################################################
@Comment ##############################################################
@Comment Various fields, articles
@Comment ##############################################################
@Comment ##############################################################



@Comment ##############################################################
@Comment Cybernetics
@Comment ##############################################################


@article{ Lechowski-Zyciorys-naukowy-profesora-Mariana-Mazura-ETC-1987,
  author =	 {Jerzy Lechowski},
  title =	 {Życiorys naukowy profesora Mariana Mazura
                  (1909--1983)},
  journal =	 {Postępy Cybernetyki},
  year =	 1987,
  volume =	 10,
  number =	 2,
  pages =	 {7--20},
  issn =	 {0137--3595},
}



@article{ Mazur-Pojecie-systemu-i-rygor-ETC-1987,
  author =	 {Marian Mazur},
  title =	 {Pojęcie systemu i~rygor jest stosowania},
  journal =	 {Postępy Cybernetyki},
  year =	 1987,
  volume =	 10,
  number =	 2,
  pages =	 {21--29},
  issn =	 {0137--3595},
}



@article{ Pawlak-Zapomniany-geniusz-2020,
  author =	 {Andrzej Pawlak},
  title =	 {Zapomniany geniusz. Prof.~Marian Mazur i~jego szkoła
                  cybernetyki},
  journal =	 {e-mentor},
  year =	 2020,
  volume =	 87,
  number =	 5,
  pages =	 {5--14},
  doi =		 {https://doi.org/10.15219/em87.1488 },
}






@Comment #############################################################
@Comment Arcana journual
@Comment #############################################################


@article{ Madela-W-cieniu-Norymbergi-2015,
  author =	 {Andrzej Madela},
  title =	 {W~cieniu Norymbergi. Niemcy Zachodnie lat 1945--1955
                  wobec denazyfikacji},
  journal =	 {ARCANA},
  year =	 2015,
  volume =	 122,
  pages =	 {74--92},
}



@article{ Tisonczyk-Haiku-na-zaliczenie-2015,
  author =	 {Tomasz Tisończyk},
  title =	 {\textit{Haiku} na~zaliczenie},
  journal =	 {ARCANA},
  year =	 2015,
  volume =	 123,
  pages =	 {180--186},
}



@article{ Kurnik-Gra-resztakami-jako-substytut-kultury-2015,
  author =	 {Agnieszka Kurnik},
  title =	 {„Gra resztkami” jako substytut kultury},
  journal =	 {ARCANA},
  year =	 2015,
  volume =	 124,
  pages =	 {102--112},
}



@article{ Zachenter-Wrzesien-1939-roku-w-oczach-ETC-2015,
  author =	 {Anna Zachenter},
  title =	 {Wrzesień 1939 roku w~oczach współczesnych Niemców},
  journal =	 {ARCANA},
  year =	 2015,
  volume =	 124,
  pages =	 {54--64},
}



@article{ Gabis-Powitajmy-uchodzcow-z-Europy-Zachodniej-2015,
  author =	 {Tomasz Gabiś},
  title =	 {Powitajmy uchodźców z~Europy Zachodniej!},
  journal =	 {ARCANA},
  year =	 2015,
  volume =	 125,
  pages =	 {52--63},
}



@article{ Gruchala-Kiedy-przestalismy-czytac-Zeromskiego-2015,
  author =	 {Wojciech Gruchała},
  title =	 {Kiedy przestaliśmy czytać Żeromskiego?},
  journal =	 {ARCANA},
  year =	 2015,
  volume =	 125,
  pages =	 {18--30},
}



@article{ Tolczyk-Dlaczego-Solzenicyn-2015,
  author =	 {Dariusz Tołczyk},
  title =	 {Dlaczego Sołżenicyn? Spóźnione odkrycie Gułagu
                  na~Zachodzie},
  journal =	 {ARCANA},
  year =	 2015,
  volume =	 125,
  pages =	 {111--136},
}










@Comment #############################################################
@Comment Various articles
@Comment #############################################################


@article{ Walczak-Czy-mozliwa-jest-ETC-2016,
  author =	 {Monika Walczak},
  title =	 {Czy~możliwa jest wiedza interdyscyplinarna?},
  journal =	 {Zagadnienie naukoznawstwa. Kwartalnik},
  year =	 2016,
  volume =	 {LII~zeszyt 1~(207)},
  pages =	 {113-126},
}



@article{ Siemianowska-Polskie-akcenty-ETC-2017,
  author =	 {Iza Siemianowska},
  title =	 {Polskie akcenty w~publicystyce Aleksandra
                  Sołżenicyna},
  journal =	 {Acta Polono-Ruthenica},
  year =	 2017,
  volume =	 {XXII},
  issue =	 3,
  pages =	 {73--82},
}
