@Comment ##############################################################
@Comment ##############################################################
@Comment Various fields. Netography
@Comment ##############################################################
@Comment ##############################################################



@Comment ##############################################################
@Comment Color
@Comment ##############################################################

















@Comment ##############################################################
@Comment Cybernetics
@Comment ##############################################################


@online{ Antomarini-Leibniz-teleology-or-a-pre-history-ETC-Ver-2022,
  author =	 {Brunella Anotmarini},
  title =	 {Leibniz' teleology, or a~pre-history~of cybernetics},
  year =	 2022,
  url =		 {https://www.youtube.com/watch?v=dzr_3a2V070},
  urldate =	 {2024-07-24},
  note =	 {Research Network for Philosophy and Technology},
}



@online{ Bielecki-Cybernetyka-Slowniki-spoleczne-Vol-XIII-Ver-2025,
  author =	 {Andrzej Bielecki},
  title =	 {Cybernetyka},
  year =	 2025,
  doi =		 {https://doi.org/10.35765/slowniki.417},
  url =		 {https://slownikispoleczne.ignatianum.edu.pl/index.php/ss/catalog/book/417},
  urldate =	 {2025-03-09},
}



@online{ Bielecki-Sztuczne-sieci-neuronowe-Slowniki-ETC-Vol-XIII-Ver-2025,
  author =	 {Andrzej Bielecki},
  title =	 {Sztuczne sieci neuronowe},
  year =	 2025,
  doi =		 {https://doi.org/10.35765/slowniki.418},
  url =		 {https://slownikispoleczne.ignatianum.edu.pl/index.php/ss/catalog/book/418},
  urldate =	 {2025-03-09},
}



@online{ Bielecki-Heller-Zjawisko-zycia-w-swietle-cybernetyki-ETC-Ver-2015,
  author =	 {Andrzej Bielecki and Michał Heller},
  title =	 {Zjawisko życia w~świetle cybernetyki~-- dyskusja
                  z~udzialem Michała Hellera i~Andrzeja Bieleckiego},
  year =	 2015,
  url =		 {https://www.youtube.com/watch?v=xyyMaP9j8QY},
  urldate =	 {2025-05-28},
}



@online{ Fundacja-En-Arche-Cybernetyka-to-nie-science-ETC-Ver-2024,
  author =	 {Fundacja En~Arche},
  title =	 {Cybernetyka to~nie science fiction~-- prof. dr hab.
                  Andrzej Bielecki, cybernetyk, AGH},
  year =	 2024,
  url =		 {https://www.youtube.com/watch?v=JGOBCfPUpFk},
  urldate =	 {2024-11-19},
}



@online{ Fundacja-En-Arche-Biologia-i-cybernetyka-czyli-ETC-Ver-2024,
  author =	 {Fundacja En~Arche},
  title =	 {Biologia i~cybernetyk, czyli naukowe sprzężenie
                  zwrotne~-- prof. dr hab. Andrzej Bielecki,
                  cybernetyk, AGH},
  year =	 2024,
  url =		 {https://www.youtube.com/watch?v=LKwk_nVm7F8},
  urldate =	 {2024-12-09},
}



@online{ Fundacja-En-Arche-Blaski-i-cienie-teorii-ewolucji-Ver-2024,
  author =	 {Fundacja En~Arche},
  title =	 {Blaski i~cienie teorii ewolucji},
  year =	 2024,
  url =		 {https://www.youtube.com/watch?v=eEMjTkwLi3g},
  urldate =	 {2024-12-31},
}



@online{ Fundacja-En-Arche-Duch-w-maszynie-i-koncepcji-ETC-Ver-2024,
  author =	 {Fundacja En~Arche},
  title =	 {Duch w~maszynie i~koncepcja panspermii~-- prof. dr hab.
                  Andrzej Bielecki, AGH},
  year =	 2024,
  url =		 {https://www.youtube.com/watch?v=hQ8bs_JdUII},
  urldate =	 {2024-12-11},
}



@online{ Korzeniewski-Czym-jest-zycie-Cybernetyczna-definicja-ETC-Ver-2017,
  author =	 {Bernard Korzeniewski},
  title =	 {Czym jest życie? Cybernetyczna definicja życia},
  year =	 2017,
  url =		 {https://www.youtube.com/watch?v=c99VeS-eR-k},
  urldate =	 {2025-05-24},
  note =	 {Copernicus},
}



@online{ Krzykawski-Cybernetics-and-Communism-Cybernetic-ETC-Ver-2022,
  author =	 {Michał Krzykawski},
  title =	 {Cybernetics and Communism: Cybernetic Thinking in
                  the~Polish People's Republic},
  year =	 2022,
  url =		 {https://www.youtube.com/watch?v=CVwi1xr7toM},
  urldate =	 {2024-12-30},
}



@phdthesis{ Malapi-Nelson-Merging-the-Natural-with-ETC-Ver-2015,
  author =	 {Alcibiades Malapi-Nelson},
  title =	 {Merging the Natural with the~Artificial:
                  The~Nature~of a~Machine and the~Collapse~of
                  Cybernetics},
  school =	 {Oxford University},
  year =	 2015,
  url =
                  {https://yorkspace.library.yorku.ca/items/193cddfe-61ef-4078-95f6-78dca87807f2},
  urldate =	 {2024-08-15},
}



@online{ Pickering-Cybernetics-in-Britain-Ver-2022,
  author =	 {Andrew Pickering},
  title =	 {Cybernetics in~Britain},
  year =	 2022,
  url =		 {https://www.youtube.com/watch?v=5oWm7JS2pNA},
  urldate =	 {2024-12-14},
  note =	 {Research Network for Philosophy and Technology},
}



@online{ Reyes-Why-Did-Cybernetics-Disappear-in-Latin-ETC-Ver-2022,
  author =	 {David Maulén de los Reyes},
  title =	 {Why Did Cybernetics Disappear in~Latin America?
                  An~Incomplete Timeline},
  year =	 2022,
  url =		 {https://www.youtube.com/watch?v=bly5y-AZGcc},
  urldate =	 {2024-07-26},
  note =	 {Research Network for Philosophy and Technology},
}



@online{ Umpleby-6-Hours-Tutorial-Professor-ETC-DVD-1-Part-1-Ver-2012,
  author =	 {Stuart Umpleby},
  title =	 {6~Hours Tutorial Professor Umpleby delivered at
                  WMSCI~2006~-- DVD~1, Part~1},
  year =	 2012,
  url =		 {https://www.youtube.com/watch?v=obvzUj76eNo},
  urldate =	 {2024-07-27},
  note =	 {IIIS .Channel},
}



@online{ Umpleby-6-Hours-Tutorial-Professor-ETC-DVD-1-Part-2-Ver-2012,
  author =	 {Stuart Umpleby},
  title =	 {6~Hours Tutorial Professor Umpleby delivered at
                  WMSCI~2006~-- DVD~1, Part~2},
  year =	 2012,
  url =		 {https://www.youtube.com/watch?v=obvzUj76eNo},
  urldate =	 {2024-07-27},
  note =	 {IIIS .Channel},
}



@online{ Umpleby-6-Hours-Tutorial-Professor-ETC-DVD-1-Part-3-Ver-2012,
  author =	 {Stuart Umpleby},
  title =	 {6~Hours Tutorial Professor Umpleby delivered at
                  WMSCI~2006~-- DVD~1, Part~3},
  year =	 2012,
  url =		 {https://www.youtube.com/watch?v=WxRryagIC4E},
  urldate =	 {2024-07-27},
  note =	 {IIIS .Channel},
}



@online{ Umpleby-6-Hours-Tutorial-Professor-ETC-DVD-1-Part-4-Ver-2012,
  author =	 {Stuart Umpleby},
  title =	 {6~Hours Tutorial Professor Umpleby delivered at
                  WMSCI~2006~-- DVD~1, Part~4},
  year =	 2012,
  url =		 {https://www.youtube.com/watch?v=8d99orrkraI},
  urldate =	 {2024-07-27},
  note =	 {IIIS .Channel},
}



@online{ Umpleby-6-Hours-Tutorial-Professor-ETC-DVD-1-Part-5-Ver-2012,
  author =	 {Stuart Umpleby},
  title =	 {6~Hours Tutorial Professor Umpleby delivered at
                  WMSCI~2006~-- DVD~1, Part~5},
  year =	 2012,
  url =		 {https://www.youtube.com/watch?v=f2LkQS8B75Y},
  urldate =	 {2024-07-27},
  note =	 {IIIS .Channel},
}



@online{ Umpleby-6-Hours-Tutorial-Professor-ETC-DVD-1-Part-6-Ver-2012,
  author =	 {Stuart Umpleby},
  title =	 {6~Hours Tutorial Professor Umpleby delivered
                  at~WMSCI 2006~-- DVD~1, Part~6},
  year =	 2012,
  url =		 {https://www.youtube.com/watch?v=Hsv7uF4GQio},
  urldate =	 {2024-07-27},
  note =	 {IIIS .Channel},
}



@online{ Umpleby-6-Hours-Tutorial-Professor-ETC-DVD-2-Part-1-Ver-2012,
  author =	 {Stuart Umpleby},
  title =	 {6~Hours Tutorial Professor Umpleby delivered
                  at~WMSCI 2006~-- DVD~2, Part~1},
  year =	 2012,
  url =		 {https://www.youtube.com/watch?v=dIiQtqqrIfk},
  urldate =	 {2024-08-04},
  note =	 {IIIS .Channel},
}



@online{ Umpleby-6-Hours-Tutorial-Professor-ETC-DVD-2-Part-2-Ver-2012,
  author =	 {Stuart Umpleby},
  title =	 {6~Hours Tutorial Professor Umpleby delivered
                  at~WMSCI 2006~-- DVD~2, Part~2},
  year =	 2012,
  url =		 {https://www.youtube.com/watch?v=uKENWP10M3E},
  urldate =	 {2024-08-04},
  note =	 {IIIS .Channel},
}



@online{ Umpleby-6-Hours-Tutorial-Professor-ETC-DVD-2-Part-3-Ver-2012,
  author =	 {Stuart Umpleby},
  title =	 {6~Hour Tutorial Prfessor Umpleby delivered at~WMSCI
                  2006~-- DVD~2, Part~3},
  year =	 2012,
  url =		 {https://www.youtube.com/watch?v=qjUqrf85rXk},
  urldate =	 {2024-08-04},
  note =	 {IIIS .Channel},
}



@online{ Umpleby-6-Hours-Tutorial-Professor-ETC-DVD-2-Part-4-Ver-2012,
  author =	 {Stuart Umpleby},
  title =	 {6~Hour Tutorial Prfessor Umpleby delivered at~WMSCI
                  2006~-- DVD~2, Part~4},
  year =	 2012,
  url =		 {https://www.youtube.com/watch?v=_hndE3y8uGI},
  urldate =	 {2024-08-04},
  note =	 {IIIS .Channel},
}



@online{ Umpleby-6-Hours-Tutorial-Professor-ETC-DVD-2-Part-5-Ver-2012,
  author =	 {Stuart Umpleby},
  title =	 {6~Hour Tutorial Prfessor Umpleby delivered at~WMSCI
                  2006~-- DVD~2, Part~5},
  year =	 2012,
  url =		 {https://www.youtube.com/watch?v=dRh6PJyX0Eo},
  urldate =	 {2024-08-04},
  note =	 {IIIS .Channel},
}



@online{ Umpleby-6-Hours-Tutorial-Professor-ETC-DVD-2-Part-6-Ver-2012,
  author =	 {Stuart Umpleby},
  title =	 {6~Hour Tutorial Prfessor Umpleby delivered at~WMSCI
                  2006~-- DVD~2, Part~6},
  year =	 2012,
  url =		 {https://www.youtube.com/watch?v=2c7KDhsfOLo},
  urldate =	 {2024-08-04},
  note =	 {IIIS .Channel},
}



@online{ Umpleby-6-Hours-Tutorial-Professor-ETC-DVD-2-Part-7-Ver-2012,
  author =	 {Stuart Umpleby},
  title =	 {6~Hour Tutorial Prfessor Umpleby delivered at~WMSCI
                  2006~-- DVD~2, Part~7},
  year =	 2012,
  url =		 {https://www.youtube.com/watch?v=bw0HxG3D5sk},
  urldate =	 {2024-08-04},
  note =	 {IIIS .Channel},
}



@online{ Umpleby-6-Hours-Tutorial-Professor-ETC-DVD-3-Part-1-Ver-2012,
  author =	 {Stuart Umpleby},
  title =	 {6~Hour Tutorial Prfessor Umpleby delivered at~WMSCI
                  2006~-- DVD~3, Part~1},
  year =	 2012,
  url =		 {https://www.youtube.com/watch?v=hHMY0NEbn2E},
  urldate =	 {2024-08-04},
  note =	 {IIIS .Channel},
}



@online{ Umpleby-6-Hours-Tutorial-Professor-ETC-DVD-3-Part-2-Ver-2012,
  author =	 {Stuart Umpleby},
  title =	 {6~Hour Tutorial Prfessor Umpleby delivered at~WMSCI
                  2006~-- DVD~3, Part~2},
  year =	 2012,
  url =		 {https://www.youtube.com/watch?v=vXyeq7ecnEY},
  urldate =	 {2024-08-04},
  note =	 {IIIS .Channel},
}



@online{ Umpleby-6-Hours-Tutorial-Professor-ETC-DVD-3-Part-3-Ver-2012,
  author =	 {Stuart Umpleby},
  title =	 {6~Hour Tutorial Prfessor Umpleby delivered at~WMSCI
                  2006~-- DVD~3, Part~3},
  year =	 2012,
  url =		 {https://www.youtube.com/watch?v=R9SggE9DCM0},
  urldate =	 {2024-08-04},
  note =	 {IIIS .Channel},
}



@online{ Umpleby-6-Hours-Tutorial-Professor-ETC-DVD-3-Part-4-Ver-2012,
  author =	 {Stuart Umpleby},
  title =	 {6~Hour Tutorial Prfessor Umpleby delivered at~WMSCI
                  2006~-- DVD~3, Part~4},
  year =	 2012,
  url =		 {https://www.youtube.com/watch?v=tLpmVUM2c5Q},
  urldate =	 {2024-08-04},
  note =	 {IIIS .Channel},
}



@online{ Umpleby-6-Hours-Tutorial-Professor-ETC-DVD-4-Part-1-Ver-2012,
  author =	 {Stuart Umpleby},
  title =	 {6~Hour Tutorial Prfessor Umpleby delivered at~WMSCI
                  2006~-- DVD~4, Part~1},
  year =	 2012,
  url =		 {https://www.youtube.com/watch?v=bHSNzAqxWy0},
  urldate =	 {2024-08-04},
  note =	 {IIIS .Channel},
}



@online{ Umpleby-6-Hours-Tutorial-Professor-ETC-DVD-4-Part-2-Ver-2012,
  author =	 {Stuart Umpleby},
  title =	 {6~Hour Tutorial Prfessor Umpleby delivered at~WMSCI
                  2006~-- DVD~4, Part~2},
  year =	 2012,
  url =		 {https://www.youtube.com/watch?v=3XlRbfhQvgA},
  urldate =	 {2024-08-04},
  note =	 {IIIS .Channel},
}



@online{ Umpleby-6-Hours-Tutorial-Professor-ETC-DVD-4-Part-3-Ver-2012,
  author =	 {Stuart Umpleby},
  title =	 {6~Hour Tutorial Prfessor Umpleby delivered at~WMSCI
                  2006~-- DVD~4, Part~3},
  year =	 2012,
  url =		 {https://www.youtube.com/watch?v=ohPSylG9lno},
  urldate =	 {2024-08-04},
  note =	 {IIIS .Channel},
}



@online{ Umpleby-6-Hours-Tutorial-Professor-ETC-DVD-4-Part-4-Ver-2012,
  author =	 {Stuart Umpleby},
  title =	 {6~Hour Tutorial Prfessor Umpleby delivered at~WMSCI
                  2006~-- DVD~4, Part~4},
  year =	 2012,
  url =		 {https://www.youtube.com/watch?v=2w4c234NIMY},
  urldate =	 {2024-08-04},
  note =	 {IIIS .Channel},
}



@online{ Umpleby-6-Hours-Tutorial-Professor-ETC-DVD-4-Part-5-Ver-2012,
  author =	 {Stuart Umpleby},
  title =	 {6~Hour Tutorial Prfessor Umpleby delivered at~WMSCI
                  2006~-- DVD~4, Part~5},
  year =	 2012,
  url =		 {https://www.youtube.com/watch?v=_QmKot1N2Ao},
  urldate =	 {2024-08-04},
  note =	 {IIIS .Channel},
}










@Comment ##############################################################
@Comment Lex Fridman podcast
@Comment ##############################################################


@online{ Fridman-Rosalind-Picard-Affective-Computing-ETC-Ver-2019,
  author =	 {Lex Fridman},
  title =	 {Rosaling Picard: Affective Computing, Emotion,
                  Privacy, and Health; Lex Fridman Podcast \#24},
  year =	 2019,
  url =		 {https://www.youtube.com/watch?v=_QmKot1N2Ao},
  urldate =	 {2024-12-28},
}



@online{ Fridman-Peter-Woit-Theories-of-Everything-ETC-Ver-2021,
  author =	 {Lex Fridman},
  title =	 {Peter Woit: Theories~of Everything \&~Why String
                  Theory is~Not Even Wrong; Lex Fridman Podcast \#246},
  year =	 2021,
  url =		 {https://www.youtube.com/watch?v=nDDJFvuFXdc},
  urldate =	 {2025-02-08},
}










@Comment ##############################################################
@Comment HEMA
@Comment ##############################################################


@Comment #########################################
@Comment HEMA and culture
@Comment #########################################


@online{ Skallagrim-Did-this-Fight-Scene-from-Blade-ETC-Ver-2024,
  author =	 {Skallagrim},
  title =	 {Did this Fight Scene from Blade (1998) Age Well?~--
                  Let's See!},
  year =	 2024,
  url =		 {https://www.youtube.com/watch?v=wrHx17lneN4},
  urldate =	 {2024-12-24},
}










@Comment ##############################################################
@Comment History, amatour materials
@Comment ##############################################################


@online{ Medival-Mindset-Everything-You-Know-About-Feudalism-ETC-Ver-2025,
  author =	 {Medieval Mindset},
  title =	 {Everything You Know About Feudalism Is~Wrong},
  year =	 2025,
  url =		 {https://www.youtube.com/watch?v=jk6rsLJWfls},
  urldate =	 {2025-06-18},
}



@online{ Medival-Mindset-How-Medieval-Peasents-Got-Rich-ETC-Ver-2025,
  author =	 {Medieval Mindset},
  title =	 {How Medieval Peasants Got Rich Without Capitalism},
  year =	 2025,
  url =		 {https://www.youtube.com/watch?v=9x5bdD5GRD8},
  urldate =	 {2025-06-18},
}



@online{ Medival-Mindset-Why-Feudalism-Was-Recession-ETC-Ver-2025,
  author =	 {Medieval Mindset},
  title =	 {Why Feudalism Was Recession-Proof},
  year =	 2025,
  url =		 {https://www.youtube.com/watch?v=oG-dHpckyrw},
  urldate =	 {2025-06-18},
}



@online{ Medival-Mindset-Why-Historians-Lie-About-Feudalism-ETC-Ver-2025,
  author =	 {Medieval Mindset},
  title =	 {Why Historian Lie About Feudalism},
  year =	 2025,
  url =		 {https://www.youtube.com/watch?v=SPKIQHgZhb8},
  urldate =	 {2025-07-15},
}










@Comment ##############################################################
@Comment Old times skills
@Comment ##############################################################


@online{ Metatron-The-WIRED-Expert-REALLY-Shocked-me-Ver-2024,
  author =	 {Metatron},
  title =	 {This WIRED Expert REALLY Shocked Me\ldots},
  year =	 2024,
  url =		 {https://www.youtube.com/watch?v=86S6NkvBXZg},
  urldate =	 {2024-11-14},
}










@Comment #############################################################
@Comment Reports, reportage
@Comment #############################################################


@Comment #############################################################
@Comment 2017 year
@Comment #############################################################


@online{ Leszczynski-Polska-szkola-zmyslania-Ver-2017,
  author =	 {Adam Leszczyński},
  title =	 {Polska szkoła zmyślania},
  year =	 2017,
  url =
                  {https://krytykapolityczna.pl/kultura/czytaj-dalej/leszczynski-polska-szkola-zmyslania/},
  urldate =	 {2025-07-20},
  note =	 {Krytyka Polityczna},
}










@Comment ##############################################################
@Comment Reviews of books
@Comment ##############################################################


@online{ Grafzero-Gulasz-z-turula-Krszysztof-Varga-ETC-Ver-2017,
  author =	 {Grafzero},
  title =	 {„Gulasz z~turula” Krzysztof Varga; Ciekawa książka},
  year =	 2017,
  url =		 {https://www.youtube.com/watch?v=WY9GVk5p5_4},
  urldate =	 {2025-06-03},
}










@Comment ##############################################################
@Comment Teologia Polityczna
@Comment ##############################################################


@online{ -ETC-Ver-2024,
  author =	 {},
  title =	 {},
  year =	 2024,
  url =		 {https://www.youtube.com/watch?v=j0pNnr4mq1k},
  urldate =	 {},
  note =	 {},
}










@Comment ##############################################################
@Comment Teologia Polityczna Co Tydzień
@Comment ##############################################################


@Comment #########################################
@Comment TPCT 349 "Łukasiewicz. Metafizyka nowoczesności?"
@Comment #########################################


@online{ Brozek-Wierzacy-natyirracjonalista-Ver-2022,
  author =	 {Anna Brożek},
  title =	 {Wierzący antyirracjonalista},
  year =	 2022,
  url =
                  {https://teologiapolityczna.pl/anna-brozek-wierzacy-antyirracjonalista},
  urldate =	 {2024-11-24},
  note =	 {Teologia Polityczna Co Tydzień 349},
}










@Comment ##############################################################
@Comment Various topic
@Comment ##############################################################


@online{ Bielecki-Koncepcja-informacji-strukturalnej-Ver-2023,
  author =	 {Andrzej Bielecki},
  title =	 {Koncepcja informacji strukturalnej},
  year =	 2023,
  url =		 {https://www.youtube.com/watch?v=jaAADDFG8oA},
  urldate =	 {2025-06-23},
  note =	 {Jan Balwierz},
}
