@Comment ##############################################################
@Comment ##############################################################
@Comment Various fields systems, online resources
@Comment ##############################################################
@Comment ##############################################################



@Comment ##############################################################
@Comment Cybernetics
@Comment ##############################################################


@online{ Antomarini-Leibniz-teleology-or-a-pre-history-ETC-Ver-2022,
  author =	 {Brunella Anotmarini},
  title =	 {Leibniz' teleology, or a~pre-history~of cybernetics},
  year =	 2022,
  url =		 {https://www.youtube.com/watch?v=dzr_3a2V070},
  urldate =	 {24-VII-2024},
  note =	 {Research Network for Philosophy and Technology},
}



@phdthesis{ Malapi-Nelson-Merging-the-Naturla-with-the-Artifical-ETC-Ver-2015,
  author =	 {Alcibiades Malapi-Nelson},
  title =	 {Merging the Natural with the~Artificial:
                  The~Nature~of a~Machine and the~Collapse~of
                  Cybernetics},
  year =	 2015,
  url =		 {},
  urldate =	 {26-VII-2024},
  note =	 {},
}



@online{ Reyes-Why-Did-Cybernetics-Disappear-in-Latin-ETC-Ver-2022,
  author =	 {David Maulén de los Reyes},
  title =	 {Why Did Cybernetics Disappear in~Latin America?
                  An~Incomplete Timeline},
  year =	 2022,
  url =		 {https://www.youtube.com/watch?v=bly5y-AZGcc},
  urldate =	 {26-VII-2024},
  note =	 {Research Network for Philosophy and Technology},
}



@online{ Umpleby-6-Hours-Tutorial-Professor-ETC-DVD-1-Part-1-Ver-2012,
  author =	 {Stuart Umpleby},
  title =	 {6~Hours Tutorial Professor Umpleby delivered at
                  WMSCI~2006~-- DVD~1, Part~1},
  year =	 2012,
  url =		 {https://www.youtube.com/watch?v=obvzUj76eNo},
  urldate =	 {27-VII-2024},
  note =	 {IIIS .Channel},
}



@online{ Umpleby-6-Hours-Tutorial-Professor-ETC-DVD-1-Part-2-Ver-2012,
  author =	 {Stuart Umpleby},
  title =	 {6~Hours Tutorial Professor Umpleby delivered at
                  WMSCI~2006~-- DVD~1, Part~2},
  year =	 2012,
  url =		 {https://www.youtube.com/watch?v=obvzUj76eNo},
  urldate =	 {27-VII-2024},
  note =	 {IIIS .Channel},
}



@online{ Umpleby-6-Hours-Tutorial-Professor-ETC-DVD-1-Part-3-Ver-2012,
  author =	 {Stuart Umpleby},
  title =	 {6~Hours Tutorial Professor Umpleby delivered at
                  WMSCI~2006~-- DVD~1, Part~3},
  year =	 2012,
  url =		 {https://www.youtube.com/watch?v=WxRryagIC4E},
  urldate =	 {27-VII-2024},
  note =	 {IIIS .Channel},
}



@online{ Umpleby-6-Hours-Tutorial-Professor-ETC-DVD-1-Part-4-Ver-2012,
  author =	 {Stuart Umpleby},
  title =	 {6~Hours Tutorial Professor Umpleby delivered at
                  WMSCI~2006~-- DVD~1, Part~4},
  year =	 2012,
  url =		 {https://www.youtube.com/watch?v=8d99orrkraI},
  urldate =	 {27-VII-2024},
  note =	 {IIIS .Channel},
}



@online{ Umpleby-6-Hours-Tutorial-Professor-ETC-DVD-1-Part-5-Ver-2012,
  author =	 {Stuart Umpleby},
  title =	 {6~Hours Tutorial Professor Umpleby delivered at
                  WMSCI~2006~-- DVD~1, Part~5},
  year =	 2012,
  url =		 {https://www.youtube.com/watch?v=f2LkQS8B75Y},
  urldate =	 {27-VII-2024},
  note =	 {IIIS .Channel},
}



@online{ Umpleby-6-Hours-Tutorial-Professor-ETC-DVD-1-Part-6-Ver-2012,
  author =	 {Stuart Umpleby},
  title =	 {6~Hours Tutorial Professor Umpleby delivered at
                  WMSCI~2006~-- DVD~1, Part~6},
  year =	 2012,
  url =		 {https://www.youtube.com/watch?v=Hsv7uF4GQio},
  urldate =	 {27-VII-2024},
  note =	 {IIIS .Channel},
}



@online{ -ETC-Ver-2022,
  author =	 {David Maulén de los Reyes},
  title =	 {Why Did Cybernetics Disappear in~Latin America?
                  An~Incomplete Timeline},
  year =	 2022,
  url =		 {https://www.youtube.com/watch?v=bly5y-AZGcc},
  urldate =	 {26-VII-2024},
  note =	 {Research Network for Philosophy and Technology},
}



@online{ -ETC-Ver-2022,
  author =	 {David Maulén de los Reyes},
  title =	 {Why Did Cybernetics Disappear in~Latin America?
                  An~Incomplete Timeline},
  year =	 2022,
  url =		 {https://www.youtube.com/watch?v=bly5y-AZGcc},
  urldate =	 {26-VII-2024},
  note =	 {Research Network for Philosophy and Technology},
}



@online{ -ETC-Ver-2022,
  author =	 {David Maulén de los Reyes},
  title =	 {Why Did Cybernetics Disappear in~Latin America?
                  An~Incomplete Timeline},
  year =	 2022,
  url =		 {https://www.youtube.com/watch?v=bly5y-AZGcc},
  urldate =	 {26-VII-2024},
  note =	 {Research Network for Philosophy and Technology},
}


















@Comment ##############################################################
@Comment
@Comment ##############################################################













@Comment ##############################################################
@Comment
@Comment ##############################################################
