@Comment ##############################################################
@Comment ##############################################################
@Comment Very simple materials about sciences. Netography
@Comment ##############################################################
@Comment ##############################################################



@Comment #############################################################
@Comment Commentaries on scientific community
@Comment #############################################################


@online{ Judo-Things-Harvard-Fake-Data-Scandal-Gino-Guilty-ETC-Ver-2024,
  author =	 {Pete Judo},
  title =	 {Things Just Got Way Worse For Francesca Gino~--
                  Harvard Fake Data Scandal},
  year =	 2024,
  url =		 {https://www.youtube.com/watch?v=yNK4nXWA_s8},
  urldate =	 {10-IX-2024},
}



@online{ Judo-Harvard-Fake-Data-Scandal-HUGE-NEW-DEVELOPMENT-Ver-2024,
  author =	 {Pete Judo},
  title =	 {Harvard Fake Data Scandal~-- HUGE NEW DEVELOPMENT},
  year =	 2024,
  url =		 {https://www.youtube.com/watch?v=KcFbb5lVJA4},
  urldate =	 {10-IX-2024},
}



@online{ Judo-Things-Just-Got-Way-Worse-For-Francesca-Gino-ETC-Ver-2024,
  author =	 {Pete Judo},
  title =	 {Things Just Got Way Worse For Francesca Gino~--
                  Harvard Fake Data Scandal},
  year =	 2024,
  url =		 {https://www.youtube.com/watch?v=j0pNnr4mq1k},
  urldate =	 {10-IX-2024},
}



@online{ Judo-This-Cornell-Scientist-Destroyed-His-Career-in-ETC-Ver-2024,
  author =	 {Pete Judo},
  title =	 {This Cornell Scientist Destroyed His Career in~One
                  Blog Post},
  year =	 2024,
  url =		 {https://www.youtube.com/watch?v=f-1SO0ux9GQ},
  urldate =	 {10-IX-2024},
}











@Comment ##############################################################
@Comment Mathematics
@Comment ##############################################################


@online{ Kinertia-Geometers-Abandoned-2000-Year-Old-Math-ETC-Ver-2020,
  author =	 {Kinertia},
  title =	 {Geometers Abandoned 2,000 Year-Old Math. This
                  Million-Dolar Problem was Born~-- Hodge Conjecture},
  year =	 2020,
  url =		 {https://www.youtube.com/watch?v=UNNAoCy3yrk},
  urldate =	 {04-XI-2024},
}



@online{ Kinertia-The-Most-Difficult-Math-Problem-Youve-ETC-Ver-2020,
  author =	 {Kinertia},
  title =	 {The~Most Difficult Math You've Never Heard~of~--
                  Birch and Swinnerton-Dyer Conjecture},
  year =	 2020,
  url =		 {https://www.youtube.com/watch?v=R9FKN9MIHlE},
  urldate =	 {04-XI-2024},
}



@online{ Miller-Czego-uczy-nas-hipoteza-Riemanna-Ver-2018,
  author =	 {Tomasz Miller},
  title =	 {Czego uczy nas hipoteza Riemanna?},
  year =	 2018,
  url =		 {https://www.youtube.com/watch?v=H7jdq0elNoY},
  urldate =	 {02-XI-2024},
  note =	 {Copernicus},
}


















@Comment ##############################################################
@Comment Sabine Hossenfelder
@Comment ##############################################################


@online{ Hossenfelder-Whistleblower-Report-Reveals-Fermilabs-ETC-Ver-2024,
  author =	 {Sabine Hossenfelder},
  title =	 {Whistleblower Report Reveals Fermilab's Troubles},
  year =	 2024,
  url =		 {https://www.youtube.com/watch?v=JxTCeyG3OvM},
  urldate =	 {10-IX-2024},
}










@Comment ##############################################################
@Comment PBS Space Time
@Comment ##############################################################


@online{ PBS-Space-Time-What-if-Singularities-DO-NOT-ETC-Ver-2024,
  author =	 {PBS Space Time},
  title =	 {What if Singularities DO~NOT Exists?},
  year =	 2024,
  url =		 {https://www.youtube.com/watch?v=HRir6-9tsJs},
  urldate =	 {28-VIII-2024},
}



@online{ PBS-Space-Time-The-Unruh-Effect-Ver-2018,
  author =	 {PBS Space Time},
  title =	 {The~Unruh Effect},
  year =	 2018,
  url =		 {https://www.youtube.com/watch?v=7cj6oiFDEXc},
  urldate =	 {18-X-2024},
}


























@Comment ##############################################################
@Comment
@Comment ##############################################################













@Comment #############################################################
@Comment
@Comment #############################################################


























@Comment #############################################################
@Comment
@Comment #############################################################













@Comment #############################################################
@Comment
@Comment #############################################################













@Comment ##############################################################
@Comment
@Comment ##############################################################


@online{ -Ver-2022,
  author =	 {},
  title =	 {},
  year =	 2022,
  url =		 {https://www.youtube.com/watch?v=TOY52LF_ZTA},
  urldate =	 {30-VIII-2024},
}



@online{ -Ver-2016,
  author =	 {},
  title =	 {},
  year =	 2016,
  url =		 {https://www.youtube.com/watch?v=vsgvaWh7Xao},
  urldate =	 {15-IX-2024},
}



@online{ -Ver-2021,
  author =	 {},
  title =	 {},
  year =	 2021,
  url =		 {https://www.youtube.com/watch?v=j0pNnr4mq1k},
  urldate =	 {21-IX-2024},
}



@online{ -ETC-Ver-2019,
  author =	 {},
  title =	 {},
  year =	 2019,
  url =		 {https://www.youtube.com/watch?v=vDTqswT0ajk},
  urldate =	 {21-IX-2024},
}




























@Comment ###############################
@Comment
@Comment ###############################

















@Comment ###############################
@Comment
@Comment ###############################













@Comment ###############################
@Comment
@Comment ###############################













@Comment ###############################
@Comment
@Comment ###############################













@Comment #############################################################
@Comment
@Comment #############################################################












@Comment #############################################################
@Comment
@Comment #############################################################



@Comment #############################################################
@Comment
@Comment #############################################################













@Comment #############################################################
@Comment
@Comment #############################################################












@Comment #############################################################
@Comment
@Comment #############################################################












@Comment #############################################################
@Comment
@Comment #############################################################













@Comment #############################################################
@Comment
@Comment #############################################################













@Comment #############################################################
@Comment
@Comment #############################################################













@Comment ##############################################################
@Comment
@Comment ##############################################################













@Comment ##############################################################
@Comment
@Comment ##############################################################












@Comment ##############################################################
@Comment
@Comment ##############################################################
