@Comment #############################################################
@Comment Very simple books about sciences
@Comment #############################################################


@book{ Herlinger-Mister-Hopkins-na-tropach-sensacji-Pub-1997,
  author =	 {J.J. Herlinger},
  title =	 {Mister Hopkins na tropach sensacji},
  publisher =	 {Prószyński i~S-ka},
  address =	 {Warszawa},
  year =	 1997,
  edition =	 {I},
  isbn =	 {83-7180-732-5},
}



@Comment @book{ Suworow-GRU-Pub-1999,
@Comment   author =	 {Wiktor Suworow},
@Comment   title =	 {GRU. Radziecki wywiad wojskowy},
@Comment   publisher =	 {Wydawnictwo Adamski i~Bieliński},
@Comment   address =	 {Warszawa},
@Comment   year =	 1999,
@Comment   edition =	 {I},
@Comment }



@Comment @book{ Suworow-Zukow-cien-zwyciestwa-Pub-2002,
@Comment   author =	 {Wiktor Suworow},
@Comment   title =	 {Żukow~-- cień zwycięstwa},
@Comment   publisher =	 {Wydawnictwo Adamski i~Bieliński},
@Comment   year =	 2002,
@Comment   edition =	 {I},
@Comment }
