@book{ Jedrzejewski-Kruczek-Kujawski-Zbior-zadan-z-fizyki-ETC-Pub-1973,
  author =	 {J. Jędrzejewski and W. Kruczek and A. Kujawski},
  title =	 {Zbiór zadań z~fizyki dla kandydatów na~wyższe
                  uczelnie techniczne},
  publisher =	 {Wydawnictwo Naukowo-Techniczne},
  address =	 {Warszawa},
  year =	 1973,
  edition =	 {I},
}