@book{ Johnson-Historia-swiata-XX-Wieku-Vol-I-Pub-2009,
  author =	 {Paul Johnson},
  title =	 {Historia świata XX~wieku, od~rewolucji
		  Październikowej do~„Solidarności”},
  publisher =	 {Fijorr Publishing},
  address =	 {Warszawa},
  year =	 2009,
  edition =	 {I},
}