@Comment #############################################################
@Comment #############################################################
@Comment Comic books
@Comment #############################################################
@Comment #############################################################


@Comment #############################################################
@Comment Anglo-american comics
@Comment #############################################################


@book{ Azzarello-Risso-100-Naboi-Vol-I-Pub-2018,
  author =	 {Brian Azzarello and Eduardo Risso},
  title =	 {100 naboi. Tom~I},
  publisher =	 {Egmont Polska Sp.~z~o.o.},
  address =	 {Warszawa},
  year =	 2018,
  edition =	 {I},
  series =	 {Klub Świata Komiksu},
  volume =	 1286,
}



@book{ Gaiman-et-al-Sandman-Tom-I-Preludia-i-nokturny-Pub-2016,
  author =	 {Neil Gaiman and et al.},
  title =	 {Sandman. Tom~I: Preludia i~nokturny},
  publisher =	 {Egmont Polska Sp.~z~o.o.},
  address =	 {Warszawa},
  year =	 2016,
  edition =	 {Wydanie drugie zmienione},
  series =	 {Klub Świata Komiksu},
  volume =	 1286,
  isbn =	 {978-83-237-2807-8},
  note =	 {Tłum. Paulina Braiter},
}



@book{ Moore-ONeil-et-al-Liga-niezwyklych-dzentelmenow-Vol-I-Pub-2015,
  author =	 {Alan Moore and Kevin O'Neill and Ben Dimagmaliw and Bill
                  Oakley},
  title =	 {Liga niezwykłych dżentelmenów. Tom~I},
  publisher =	 {Egmont Polska Sp.~z~o.o.},
  address =	 {Warszawa},
  year =	 2015,
  edition =	 {II},
}



@book{ Morrison-et-al-Superman-Vol-I-Pub-2013,
  author =	 {Grant Morrison and Rags Morales and Andy Kubert},
  title =	 {Superman. Tom~1: Superman i~ludzie ze stali},
  publisher =	 {Egmont Polska Sp.~z~o.o.},
  address =	 {Warszawa},
  year =	 2013,
  edition =	 {I},
}



@book{ Sakai-Usagi-yojimbo-Saga-Ksiega-I-Pub-2019,
  author =	 {Stan Sakai},
  title =	 {Usagi yojimbo. Saga. Księga~I},
  publisher =	 {Egmont Polska Sp.~z~o.o.},
  address =	 {Warszawa},
  year =	 2019,
  edition =	 {I},
}



@book{ Vaughan-Staples-Saga-Tom-II-Pub-2021,
  author =	 {Brian K.~Vaguhan and Fiona Staples},
  title =	 {Saga. Tom~II},
  publisher =	 {Mucha Comics},
  address =	 {Warszawa},
  year =	 2021,
  isbn =	 {978-83-61319-51-1},
  edition =	 {Wydanie pierwsze, drugi dodruk},
}



@book{ Vaughan-Staples-Saga-Tom-III-Pub-2021,
  author =	 {Brian K.~Vaguhan and Fiona Staples},
  title =	 {Saga. Tom~III},
  publisher =	 {Mucha Comics},
  address =	 {Warszawa},
  year =	 2015,
  isbn =	 {978-83-61319-59-7},
  edition =	 {Wydanie pierwsze},
}










@Comment #########################################
@Comment DC Comics
@Comment #########################################


@book{ Orlando-et-al-Noc-Ludzi-Potworow-Pub-2017,
  author =	 {Steve Orlando and et al.},
  title =	 {Noc ludzi potworów. Batman \#7},
  publisher =	 {Egmont Polska},
  address =	 {Warszawa},
  year =	 2017,
  seriess =	 {Klub Świata Komiksu},
  volume =	 1251,
  isbn =	 {978-83-281-2780-7},
  note =	 {Tłum. Tomasz Sidorkiewicz},
}










@Comment #############################################################
@Comment Will Einser's comics
@Comment #############################################################


@book{ Eisner-Spirit-Najlepsze-opowiesci-Pub-2009,
  author =	 {Will Eisner},
  title =	 {Spirit. Najlepsze opowieści},
  publisher =	 {Egmont Polska},
  address =	 {Warszawa},
  year =	 2009,
  edition =	 {I},
  seriess =	 {Klub Świata Komiksu},
  volume =	 593,
  isbn =	 {978-83-237-2545-9},
  note =	 {Tłum. Jarosław Grzędowicz},
}










@Comment #########################################
@Comment Will Einser's graphical novels
@Comment #########################################


@book{ Eisner-Umowa-z-Bogiem-Pub-2007,
  author =	 {Will Eisner},
  title =	 {Trylogia Umowa z~Bogiem. Życie na~Dropsie Avenue},
  publisher =	 {Egmont Polska},
  address =	 {Warszawa},
  year =	 2007,
  edition =	 {I},
  series =	 {Klub Świata Komiksu},
  volume =	 494,
  note =	 {Tłum. Jacek Drewnowski},
}



@book{ Eisner-Nowy-York-Pub-2008,
  author =	 {Will Eisner},
  title =	 {Nowy York. Życie w~wielki mieście},
  publisher =	 {Egmont Polska},
  address =	 {Warszawa},
  year =	 2008,
  edition =	 {I},
}



@book{ Eisner-Zycie-w-obrazkach-Pub-2009,
  author =	 {Will Eisner},
  title =	 {Życie w~obrazkach. Opowieści autobiograficzne},
  publisher =	 {Egmont Polska},
  address =	 {Warszawa},
  year =	 2009,
  edition =	 {I},
}










@Comment #############################################################
@Comment Franco-belgian comics
@Comment #############################################################


@book{ Goscinny-Morris-Siedem-opowiesci-o-Lucky-Luckeu-Pub-2024,
  author =	 {Ren\'{e} Goscinny and Morris},
  title =	 {Siedem Opowiesci o~Lucky Lucke’u},
  publisher =	 {Story House Egmont sp. z~o.o.},
  address =	 {Warszawa},
  year =	 2024,
  series =	 {Klub Świata Komiksu},
  volume =	 2952,
  note =	 {Przekład z~języka francuskiego: Maria Mosiewicz,
                  Marek Puszczewicz},
}










@Comment #########################################
@Comment Graphical novels
@Comment #########################################
















@Comment #############################################################
@Comment Graphical novels
@Comment #############################################################


@book{ Delisle-Kroniki-jerozolimskie-Pub-2024,
  author =	 {Guy Delisle},
  title =	 {Kroniki jerozolimskie},
  publisher =	 {Kultura Gniewu},
  address =	 {Warszawa},
  year =	 2024,
  isbn =	 {978-83-67360-68-5},
  note =	 {Tłum. Katarzyna Koła-Bielawska},
}



@book{ Pratt-Corto-Maltese-Ballada-o-slonym-morzu-Pub-2004,
  author =	 {Hugo Pratt},
  title =	 {Corto Maltese. Ballada o~słonym morzu},
  publisher =	 {Wydawnictwo POST},
  address =	 {Kraków},
  year =	 2004,
  edition =	 {I},
  note =	 {Tłumaczenie z~języka włoskiego: Monika Gurgul.
                  Opracownie graficzne i~liternictwo: Joanna
                  Holeksa-Szłapa},
}










@Comment #############################################################
@Comment Japanes manga
@Comment #############################################################


@book{ Agitogi-Kohsaka-Tsukioka-Moje-szczesliwe-malzenstwo-Vol-I-Pub-2024,
  author =	 {Akumi Agitogi and Rito Kohsaka and Tsukiho Tsukioka},
  title =	 {Moje szczęśliwe małżeństwo. Tom~I},
  publisher =	 {Studio JG},
  address =	 {Warszawa},
  year =	 2024,
  edition =	 {I},
  isbn =	 {978-83-8257-421-0},
  note =	 {Tłum. Paulia Ślusarczyk-Bryła},
}



@book{ Agitogi-Kohsaka-Tsukioka-Moje-szczesliwe-malzenstwo-Vol-II-Pub-2024,
  author =	 {Akumi Agitogi and Rito Kohsaka and Tsukiho Tsukioka},
  title =	 {Moje szczęśliwe małżeństwo. Tom~II},
  publisher =	 {Studio JG},
  address =	 {Warszawa},
  year =	 2024,
  edition =	 {I},
  isbn =	 {978-83-8257-503-3},
  note =	 {Tłum. Paulia Ślusarczyk-Bryła},
}



@book{ Akasaka-Yokoyari-Moja-gwiazda-Vol-I-Pub-2022,
  author =	 {Aka Akasaka and Mengo Yokoyari},
  title =	 {Moja gwiazda. Tom~I},
  publisher =	 {Studio JG},
  address =	 {Warszawa},
  year =	 2023,
  edition =	 {I},
  isbn =	 {978-83-8001-975-1},
  note =	 {Tłum. Anna-Maria Puto},
}



@book{ Akutami-Jujutsu-Kaisen-Vol-0-Pub-2024,
  author =	 {Gege Akutami},
  title =	 {Jujutsu Kaisen. Tom~0},
  publisher =	 {Waneko},
  address =	 {Warszawa},
  year =	 2023,
  edition =	 {IV},
  isbn =	 {978-83-8096-466-2},
  note =	 {Tłum. Wojciech Gęszczak},
}



@book{ Akutami-Jujutsu-Kaisen-Vol-I-Pub-2024,
  author =	 {Gege Akutami},
  title =	 {Jujutsu Kaisen. Tom~0},
  publisher =	 {Waneko},
  address =	 {Warszawa},
  year =	 2023,
  edition =	 {IV},
  isbn =	 {978-83-8096-468-6},
  note =	 {Tłum. Wojciech Gęszczak},
}



@book{ Akutami-Jujutsu-Kaisen-Vol-II-Pub-2024,
  author =	 {Gege Akutami},
  title =	 {Jujutsu Kaisen. Tom~II},
  publisher =	 {Waneko},
  address =	 {Warszawa},
  year =	 2024,
  edition =	 {IV},
  isbn =	 {978-83-8096-467-9},
  note =	 {Tłum. Wojciech Gęszczak},
}



@book{ Akutami-Jujutsu-Kaisen-Vol-III-Pub-2024,
  author =	 {Gege Akutami},
  title =	 {Jujutsu Kaisen. Tom~III},
  publisher =	 {Waneko},
  address =	 {Warszawa},
  year =	 2024,
  edition =	 {II},
  isbn =	 {978-83-8096-468-6},
  note =	 {Tłum. Wojciech Gęszczak},
}



@book{ Akutami-Jujutsu-Kaisen-Vol-IV-Pub-2024,
  author =	 {Gege Akutami},
  title =	 {Jujutsu Kaisen. Tom~IV},
  publisher =	 {Waneko},
  address =	 {Warszawa},
  year =	 2022,
  edition =	 {II},
  isbn =	 {978-83-8096-470-9},
  note =	 {Tłum. Wojciech Gęszczak},
}



@book{ Akutami-Jujutsu-Kaisen-Vol-V-Pub-2022,
  author =	 {Gege Akutami},
  title =	 {Jujutsu Kaisen. Tom~V},
  publisher =	 {Waneko},
  address =	 {Warszawa},
  year =	 2022,
  edition =	 {II},
  isbn =	 {978-83-8096-471-6},
  note =	 {Tłum. Wojciech Gęszczak},
}



@book{ Akutami-Jujutsu-Kaisen-Vol-VI-Pub-2022,
  author =	 {Gege Akutami},
  title =	 {Jujutsu Kaisen. Tom~VI},
  publisher =	 {Waneko},
  address =	 {Warszawa},
  year =	 2022,
  edition =	 {II},
  isbn =	 {978-83-8096-472-3},
  note =	 {Tłum. Wojciech Gęszczak},
}



@book{ Akutami-Jujutsu-Kaisen-Vol-VII-Pub-2022,
  author =	 {Gege Akutami},
  title =	 {Jujutsu Kaisen. Tom~VII},
  publisher =	 {Waneko},
  address =	 {Warszawa},
  year =	 2022,
  edition =	 {II},
  isbn =	 {978-83-8242-271-9},
  note =	 {Tłum. Wojciech Gęszczak},
}



@book{ Akutami-Jujutsu-Kaisen-Vol-VIII-Pub-2023,
  author =	 {Gege Akutami},
  title =	 {Jujutsu Kaisen. Tom~VIII},
  publisher =	 {Waneko},
  address =	 {Warszawa},
  year =	 2023,
  edition =	 {II},
  isbn =	 {978-83-8242-272-6},
  note =	 {Tłum. Wojciech Gęszczak},
}



@book{ Akutami-Jujutsu-Kaisen-Vol-IX-Pub-2024,
  author =	 {Gege Akutami},
  title =	 {Jujutsu Kaisen. Tom~IX},
  publisher =	 {Waneko},
  address =	 {Warszawa},
  year =	 2024,
  edition =	 {II},
  isbn =	 {978-83-8242-273-3},
  note =	 {Tłum. Wojciech Gęszczak},
}



@book{ Akutami-Jujutsu-Kaisen-Vol-XVII-Pub-2024,
  author =	 {Gege Akutami},
  title =	 {Jujutsu Kaisen. Tom~XVII},
  publisher =	 {Waneko},
  address =	 {Warszawa},
  year =	 2024,
  edition =	 {I},
  isbn =	 {978-83-8242-281-8},
  note =	 {Tłum. Wojciech Gęszczak},
}



@book{ Akutami-Jujutsu-Kaisen-Vol-XVIII-Pub-2024,
  author =	 {Gege Akutami},
  title =	 {Jujutsu Kaisen. Tom~XVIII},
  publisher =	 {Waneko},
  address =	 {Warszawa},
  year =	 2024,
  edition =	 {I},
  isbn =	 {978-83-8242-282-5},
  note =	 {Tłum. Wojciech Gęszczak},
}



@book{ Amano-Katekyo-hitman-Reborn-Vol-I-Pub-2024,
  author =	 {Akira Amano},
  title =	 {Katekyo hitman Reborn. Tom~I},
  publisher =	 {Waneko},
  address =	 {Warszawa},
  year =	 20224
  edition =	 {I},
  isbn =	 {978-83-8242-875-9},
  note =	 {Tłum. Karolina Dwornik},
}



@book{ Aoki-Potworna-slodycz-Vol-I-Pub-2022,
  author =	 {Spica Akoi},
  title =	 {Potworna słodycz. Tom~I},
  publisher =	 {Studio~JG},
  address =	 {Warszawa},
  year =	 2022,
  edition =	 {I},
  isbn =	 {978-83-8001-980-5},
  note =	 {Tłum. Dagny Zawierucha},
}



@book{ Aoki-Potworna-slodycz-Vol-I-Pub-2022,
  author =	 {Spica Akoi},
  title =	 {Potworna słodycz. Tom~I},
  publisher =	 {Studio~JG},
  address =	 {Warszawa},
  year =	 2022,
  edition =	 {I},
  isbn =	 {978-83-8001-980-5},
  note =	 {Tłum. Dagny Zawierucha},
}



@book{ Aoki-Potworna-slodycz-Vol-II-Pub-2023,
  author =	 {Spica Akoi},
  title =	 {Potworna słodycz. Tom~II},
  publisher =	 {Studio~JG},
  address =	 {Warszawa},
  year =	 2023,
  edition =	 {I},
  isbn =	 {978-83-8257-064-9},
  note =	 {Tłum. Dagny Zawierucha},
}



@book{ Aoki-Potworna-slodycz-Vol-III-Pub-2023,
  author =	 {Spica Akoi},
  title =	 {Potworna słodycz. Tom~III},
  publisher =	 {Studio~JG},
  address =	 {Warszawa},
  year =	 2023,
  edition =	 {I},
  isbn =	 {978-83-8257-106-6},
  note =	 {Tłum. Dagny Zawierucha},
}



@book{ Aoki-Potworna-slodycz-Vol-IV-Pub-2023,
  author =	 {Spica Akoi},
  title =	 {Potworna słodycz. Tom~IV},
  publisher =	 {Studio~JG},
  address =	 {Warszawa},
  year =	 2023,
  edition =	 {I},
  isbn =	 {978-83-8257-203-2},
  note =	 {Tłum. Dagny Zawierucha},
}



@book{ Aoki-Potworna-slodycz-Vol-VI-Pub-2024,
  author =	 {Spica Akoi},
  title =	 {Potworna słodycz. Tom~VI},
  publisher =	 {Studio~JG},
  address =	 {Warszawa},
  year =	 2024,
  edition =	 {I},
  isbn =	 {978-83-8257-309-1},
  note =	 {Tłum. Dagny Zawierucha},
}



@book{ Arakawa-Silver-Spoon-Vol-I-Pub-2016,
  author =	 {Hiromu Arakawa},
  title =	 {Silver Spoon. Tom~I},
  publisher =	 {Waneko},
  address =	 {Warszawa},
  year =	 2016,
  edition =	 {II},
  isbn =	 {978-8362866-47-2},
  note =	 {Tłum. Janek „Jonas” Świderski, Aleksandra Kulińska},
}



@book{ Arakawa-Silver-Spoon-Vol-II-Pub-2014,
  author =	 {Hiromu Arakawa},
  title =	 {Silver Spoon. Tom~II},
  publisher =	 {Waneko},
  address =	 {Warszawa},
  year =	 2014,
  edition =	 {I},
  isbn =	 {978-83-62866-49-6},
  note =	 {Tłum. Janek „Jonas” Świderski, Aleksandra Kulińska},
}



@book{ Arakawa-Silver-Spoon-Vol-III-Pub-2014,
  author =	 {Hiromu Arakawa},
  title =	 {Silver Spoon. Tom~III},
  publisher =	 {Waneko},
  address =	 {Warszawa},
  year =	 2014,
  edition =	 {I},
  isbn =	 {978-83-62866-50-2},
  note =	 {Tłum. Janek „Jonas” Świderski, Aleksandra Kulińska},
}



@book{ Arakawa-Silver-Spoon-Vol-IV-Pub-2014,
  author =	 {Hiromu Arakawa},
  title =	 {Silver Spoon. Tom~IV},
  publisher =	 {Waneko},
  address =	 {Warszawa},
  year =	 2014,
  edition =	 {I},
  isbn =	 {978-83-62866-51-9},
  note =	 {Tłum. Janek „Jonas” Świderski, Aleksandra Kulińska},
}



@book{ Arakawa-Silver-Spoon-Vol-V-Pub-2014,
  author =	 {Hiromu Arakawa},
  title =	 {Silver Spoon. Tom~V},
  publisher =	 {Waneko},
  address =	 {Warszawa},
  year =	 2014,
  edition =	 {I},
  isbn =	 {978-83-62866-52-6},
  note =	 {Tłum. Janek „Jonas” Świderski, Aleksandra Kulińska},
}



@book{ Asano-Kino-No-6-Vol-I-Pub-2014,
  author =	 {Atsuko Asano and Hinoki Kino},
  title =	 {No.~6. Tom~I},
  publisher =	 {Studio J.G.},
  address =	 {Warszawa},
  year =	 2014,
  edition =	 {I},
  isbn =	 {978-83-8001-024-6},
  note =	 {Tłum. Paulina Ślusarczyk-Bryła},
}



@book{ Aso-Takata-100-rzeczy-do-zrobienia-zanim-ETC-Vol-I-Pub-2022,
  author =	 {Haro Aso and Kotaro Takata},
  title =	 {100 rzeczy do~zrobienia, zanim zostanę zombie. Tom~I},
  publisher =	 {Studio JG},
  address =	 {Warszawa},
  year =	 2022,
  edition =	 {I},
  isbn =	 {978-83-8001-978-2},
  note =	 {Tłum. Dariusz Latoś},
}



@book{ Aso-Takata-100-rzeczy-do-zrobienia-zanim-ETC-Vol-II-Pub-2023,
  author =	 {Haro Aso and Kotaro Takata},
  title =	 {100 rzeczy do~zrobienia, zanim zostanę zombie. Tom~II},
  publisher =	 {Studio JG},
  address =	 {Warszawa},
  year =	 2023,
  edition =	 {I},
  isbn =	 {978-83-8257-057-1},
  note =	 {Tłum. Patryk Skorupa},
}



@book{ Aso-Takata-100-rzeczy-do-zrobienia-zanim-ETC-Vol-III-Pub-2023,
  author =	 {Haro Aso and Kotaro Takata},
  title =	 {100 rzeczy do~zrobienia, zanim zostanę zombie. Tom~III},
  publisher =	 {Studio JG},
  address =	 {Warszawa},
  year =	 2023,
  edition =	 {I},
  isbn =	 {978-83-8257-075-5},
  note =	 {Tłum. Patryk Skorupa},
}



@book{ Aso-Takata-100-rzeczy-do-zrobienia-zanim-ETC-Vol-IV-Pub-2023,
  author =	 {Haro Aso and Kotaro Takata},
  title =	 {100 rzeczy do~zrobienia, zanim zostanę zombie. Tom~IV},
  publisher =	 {Studio JG},
  address =	 {Warszawa},
  year =	 2023,
  edition =	 {I},
  isbn =	 {978-83-8257-101-1},
  note =	 {Tłum. Patryk Skorupa},
}



@book{ Aso-Takata-100-rzeczy-do-zrobienia-zanim-ETC-Vol-V-Pub-2023,
  author =	 {Haro Aso and Kotaro Takata},
  title =	 {100 rzeczy do~zrobienia, zanim zostanę zombie. Tom~V},
  publisher =	 {Studio JG},
  address =	 {Warszawa},
  year =	 2023,
  edition =	 {I},
  isbn =	 {978-83-8257-243-8},
  note =	 {Tłum. Patryk Skorupa},
}



@book{ Aso-Takata-100-rzeczy-do-zrobienia-zanim-ETC-Vol-VI-Pub-2024,
  author =	 {Haro Aso and Kotaro Takata},
  title =	 {100 rzeczy do~zrobienia, zanim zostanę zombie. Tom~VI},
  publisher =	 {Studio JG},
  address =	 {Warszawa},
  year =	 2024,
  edition =	 {I},
  isbn =	 {978-83-8257-318-3},
  note =	 {Tłum. Patryk Skorupa},
}



@book{ Aso-Takata-100-rzeczy-do-zrobienia-zanim-ETC-Vol-VIII-Pub-2024,
  author =	 {Haro Aso and Kotaro Takata},
  title =	 {100 rzeczy do~zrobienia, zanim zostanę zombie. Tom~VIII},
  publisher =	 {Studio JG},
  address =	 {Warszawa},
  year =	 2024,
  edition =	 {I},
  isbn =	 {978-83-8257-455-5},
  note =	 {Tłum. Patryk Skorupa},
}



@book{ Azuma-Youtsuba-Vol-I-Pub-2024,
  author =	 {Kiyohiko Azuma},
  title =	 {Yotsuba. Tom~I},
  publisher =	 {Wydawnictwo Katori},
  address =	 {Warszawa},
  year =	 2018,
  edition =	 {I},
  isbn =	 {978-83-65722-79-9},
  note =	 {Tłum. Tomasz Molski},
}



@book{ Chiba-Kindergarten-Wars-Vol-I-Pub-2024,
  author =	 {You Chiba},
  title =	 {Kindergarten Wars. Tom~I},
  publisher =	 {Studio JG},
  address =	 {Warszawa},
  year =	 2024,
  edition =	 {I},
  isbn =	 {978-83-8257-581-1},
  note =	 {Tłum. Anna Koike},
}



@book{ Coffee-Wandance-Vol-I-Pub-2024,
  author =	 {Coffee},
  title =	 {Wandance. Tom~I},
  publisher =	 {Studio JG},
  address =	 {Warszawa},
  year =	 2024,
  edition =	 {I},
  isbn =	 {978-83-8257-427-2},
  note =	 {Tłum. Katarzyna Godwod},
}



@book{ Coffee-Wandance-Vol-II-Pub-2024,
  author =	 {Coffee},
  title =	 {Wandance. Tom~II},
  publisher =	 {Studio JG},
  address =	 {Warszawa},
  year =	 2024,
  edition =	 {I},
  isbn =	 {978-83-8257-489-0},
  note =	 {Tłum. Katarzyna Godwod},
}



@book{ Coffee-Wandance-Vol-III-Pub-2024,
  author =	 {Coffee},
  title =	 {Wandance. Tom~III},
  publisher =	 {Studio JG},
  address =	 {Warszawa},
  year =	 2024,
  edition =	 {I},
  isbn =	 {978-83-8257-538-5},
  note =	 {Tłum. Milena Woźniak},
}



@book{ Endo-SPY-x-FAMILY-Vol-I-Pub-2024,
  author =	 {Tatsuya Endo},
  title =	 {SPY x FAMILY. Tom~I},
  publisher =	 {Waneko},
  address =	 {Warszawa},
  year =	 2024,
  edition =	 {VIII},
  isbn =	 {978-83-8096-833-2},
  note =	 {Tłum. Amelia Lipko},
}



@book{ Endo-SPY-x-FAMILY-Vol-II-Pub-2023,
  author =	 {Tatsuya Endo},
  title =	 {SPY x FAMILY. Tom~II},
  publisher =	 {Waneko},
  address =	 {Warszawa},
  year =	 2023,
  edition =	 {VI},
  isbn =	 {978-83-8096-834-9},
  note =	 {Tłum. Amelia Lipko},
}



@book{ Endo-SPY-x-FAMILY-Vol-III-Pub-2023,
  author =	 {Tatsuya Endo},
  title =	 {SPY x FAMILY. Tom~III},
  publisher =	 {Waneko},
  address =	 {Warszawa},
  year =	 2023,
  edition =	 {V},
  isbn =	 {978-83-8096-835-6},
  note =	 {Tłum. Amelia Lipko},
}



@book{ Eno-After-God-Vol-I-Pub-2023,
  author =	 {Sumi Eno},
  title =	 {After God. Tom~I},
  publisher =	 {Studio JG},
  address =	 {Warszawa},
  year =	 2024
  edition =	 {I},
  isbn =	 {978-83-8257-579-8},
  note =	 {Tłum. Katarzyna Godwod},
}



@book{ Est-Em-Kobieta-udon-Pub-2024,
  author =	 {Est Em},
  title =	 {Kobieta udon},
  publisher =	 {Hanami},
  address =	 {Warszawa},
  year =	 2024,
  isbn =	 {978-83-67799-29-4},
  note =	 {Tłum. Magdalena Tomaszewska-Bolałek},
}



@book{ Fujita-Wotako-Milosc-jest-trudna-dla-otaku-Vol-I-Pub-2019,
  author =	 {Fujita},
  title =	 {Wotakoi. Miłość jest rudna dla otaku. Tom~I},
  publisher =	 {Studio JG},
  address =	 {Warszawa},
  year =	 2024,
  edition =	 {I},
  isbn =	 {978-83-8001-420-6},
  note =	 {Tłum. Paulina Tuczapska},
}



@book{ Inoryu-Ito-Morderca-w-mojej-glowie-Vol-I-Pub-2022,
  author =	 {Hajime Inoryu and Shota Ito},
  title =	 {Morderca w~mojej głowie. Tom~I},
  publisher =	 {Studio JG},
  address =	 {Warszawa},
  year =	 2022,
  edition =	 {I},
  isbn =	 {978-83-8001-985-0},
  note =	 {Tłum. Anna Koike},
}



@book{ Ishikawa-Araki-Od-dzis-jestem-zombie-Pub-2022,
  author =	 {Yugo Ishikawa and Tsukasa Araki},
  title =	 {Od dziś jestem zombie},
  publisher =	 {Waneko},
  address =	 {Warszawa},
  year =	 2022,
  edition =	 {I},
  isbn =	 {978-83-8242-224-5},
  note =	 {Tłum. Anna Wrzesiak},
}



@book{ Kaziya-Jak-leczyc-magiczne-stworzenia-Vol-I-Pub-2019,
  author =	 {Kaziya},
  title =	 {Jak leczyć stworzenie. Dziennik medycyny magicznej.
                  Tom~I},
  publisher =	 {Studio JG},
  address =	 {Warszawa},
  year =	 2019,
  edition =	 {I},
  isbn =	 {978-83-8001-474-9},
  note =	 {Tłum. Martyna Zdonek},
}



@book{ Komoto-Mashle-Vol-I-Pub-2022,
  author =	 {Hajime Komoto},
  title =	 {Mashle. Tom~I},
  publisher =	 {Studio JG},
  address =	 {Warszawa},
  year =	 2022,
  edition =	 {I},
  isbn =	 {978-83-8001-881-5},
  note =	 {Tłum. Katarzyna Godwod},
}



@book{ Kotoyama-Zew-nocy-Vol-I-Pub-2022,
  author =	 {Kotoyama},
  title =	 {Zew nocy. Tom~I},
  publisher =	 {Studio JG},
  address =	 {Warszawa},
  year =	 2022,
  isbn =	 {978-83-8001-997-5},
  note =	 {Tłum. Dariusz Latoś},
}



@book{ Kuwabara-Lowcy-smokow-Vol-I-Pub-2020,
  author =	 {Taku Kuwabara},
  title =	 {Łowcy smoków. Tom~I},
  publisher =	 {Studio JG},
  address =	 {Warszawa},
  year =	 2020,
  edition =	 {I},
  isbn =	 {978-83-8001-679-8},
  note =	 {Tłum. Jacek Mendyk},
}



@book{ Makumokuren-Lato-kiedy-umarl-Hikaru-Vol-I-2023,
  author =	 {Mokumokuren},
  title =	 {Lato, kiedy umarł Hikaru. Tom~I},
  publisher =	 {Studio JG},
  adress =	 {Warszawa},
  year =	 2023,
  edition =	 {I},
  isbn =	 {978-83-8257-077-9},
  note =	 {Tłum. Patryk Skorupa},
}



@book{ Makumokuren-Lato-kiedy-umarl-Hikaru-Vol-II-2023,
  author =	 {Mokumokuren},
  title =	 {Lato, kiedy umarł Hikaru. Tom~II},
  publisher =	 {Studio JG},
  adress =	 {Warszawa},
  year =	 2023,
  edition =	 {I},
  isbn =	 {978-83-8257-213-1},
  note =	 {Tłum. Patryk Skorupa},
}



@book{ Masamune-The-Ghost-in-the-Shell-Vol-I,
  author =	 {Shirow Masamune},
  title =	 {The~Ghost in the-Shell. Tom~I},
  publisher =	 {J.P. Fantastica},
  adress =	 {Mierzyn},
  note =	 {Tłum. Rafał „Kabura” Rzepka},
}



@book{ Matsumoto-Kaiju-No-8-Vol-I-Pub-2021,
  author =	 {Naoya Matsumoto},
  title =	 {Kaiju No.~8. Tom~I},
  publisher =	 {Studio JG},
  adress =	 {Warszawa},
  year =	 2021,
  edition =	 {I},
  isbn =	 {978-83-8001-817-4},
  note =	 {Tłum. Katarzyna Godwod},
}



@book{ Matsumoto-Kaiju-No-8-Vol-II-Pub-2022,
  author =	 {Naoya Matsumoto},
  title =	 {Kaiju No.~8. Tom~II},
  publisher =	 {Studio JG},
  adress =	 {Warszawa},
    year =	 2022,
  edition =	 {I},
  isbn =	 {978-83-8001-866-2},
  note =	 {Tłum. Katarzyna Godwod},
}



@book{ Matsumoto-Kaiju-No-8-Vol-III-Pub-2022,
  author =	 {Naoya Matsumoto},
  title =	 {Kaiju No.~8. Tom~III},
  publisher =	 {Studio JG},
  adress =	 {Warszawa},
  year =	 2022,
  edition =	 {I},
  isbn =	 {978-83-8001-903-4},
  note =	 {Tłum. Katarzyna Godwod},
}



@book{ Matsumoto-Kaiju-No-8-Vol-IV-Pub-2022,
  author =	 {Naoya Matsumoto},
  title =	 {Kaiju No.~8. Tom~IV},
  publisher =	 {Studio JG},
  adress =	 {Warszawa},
  year =	 2022,
  edition =	 {I},
  isbn =	 {978-83-8001-949-2},
  note =	 {Tłum. Katarzyna Godwod},
}



@book{ Matsumoto-Kaiju-No-8-Vol-V-Pub-2022,
  author =	 {Naoya Matsumoto},
  title =	 {Kaiju No.~8. Tom~V},
  publisher =	 {Studio JG},
  adress =	 {Warszawa},
  year =	 2022,
  edition =	 {I},
  isbn =	 {978-83-8257-002-1},
  note =	 {Tłum. Katarzyna Godwod},
}



@book{ Matsumoto-Kaiju-No-8-Vol-VI-Pub-2023,
  author =	 {Naoya Matsumoto},
  title =	 {Kaiju No.~8. Tom~VI},
  publisher =	 {Studio JG},
  adress =	 {Warszawa},
  year =	 2023,
  edition =	 {I},
  isbn =	 {978-83-8257-115-8},
  note =	 {Tłum. Katarzyna Godwod},
}



@book{ Matsumoto-Kaiju-No-8-Vol-VII-Pub-2023,
  author =	 {Naoya Matsumoto},
  title =	 {Kaiju No.~8. Tom~VII},
  publisher =	 {Studio JG},
  adress =	 {Warszawa},
  year =	 2023,
  edition =	 {I},
  isbn =	 {978-83-8257-184-4},
  note =	 {Tłum. Dagny Zawierucha},
}



@book{ Matsumoto-Kaiju-No-8-Vol-VIII-Pub-2023,
  author =	 {Naoya Matsumoto},
  title =	 {Kaiju No.~8. Tom~VIII},
  publisher =	 {Studio JG},
  adress =	 {Warszawa},
  year =	 2023,
  edition =	 {I},
  isbn =	 {978-83-8257-207-0},
  note =	 {Tłum. Dagny Zawierucha},
}



@book{ Matsumoto-Kaiju-No-8-Vol-IX-Pub-2024,
  author =	 {Naoya Matsumoto},
  title =	 {Kaiju No.~8. Tom~IX},
  publisher =	 {Studio JG},
  adress =	 {Warszawa},
  year =	 2024,
  edition =	 {I},
  isbn =	 {978-83-8257-413-5},
  note =	 {Tłum. Dagny Zawierucha},
}



@book{ Matsumoto-Kaiju-No-8-Vol-X-Pub-2024,
  author =	 {Naoya Matsumoto},
  title =	 {Kaiju No.~8. Tom~X},
  publisher =	 {Studio JG},
  adress =	 {Warszawa},
  year =	 2024,
  edition =	 {I},
  isbn =	 {978-83-8257-457-9},
  note =	 {Tłum. Dagny Zawierucha},
}



@book{ Matsumoto-Kaiju-No-8-Vol-XI-Pub-2024,
  author =	 {Naoya Matsumoto},
  title =	 {Kaiju No.~8. Tom~XI},
  publisher =	 {Studio JG},
  adress =	 {Warszawa},
  year =	 2025,
  edition =	 {I},
  isbn =	 {978-83-8257-636-8},
  note =	 {Tłum. Dagny Zawierucha},
}



@book{ Morikawa-Pan-Zlol-ma-dzis-wolne-Vol-I-Pub-2023,
  author =	 {Yuu Morikawa},
  title =	 {Pan Złol ma dziś wolne. Tom~I},
  publisher =	 {Studio JG},
  adress =	 {Warszawa},
  year =	 2023,
  edition =	 {I},
  isbn =	 {978-83-8257-284-1},
  note =	 {Tłum. Martyna Zdonek},
}



@book{ Morikawa-Pan-Zlol-ma-dzis-wolne-Vol-II-Pub-2024,
  author =	 {Yuu Morikawa},
  title =	 {Pan Złol ma dziś wolne. Tom~II},
  publisher =	 {Studio JG},
  adress =	 {Warszawa},
  year =	 2024,
  edition =	 {I},
  isbn =	 {978-83-8257-341-1},
  note =	 {Tłum. Martyna Zdonek},
}



@book{ Nishi-Iruma-w-szkole-demonow-Vol-I-Pub-2019,
  author =	 {Osamu Nishi},
  title =	 {Iruma w~szkole demonów. Tom~I},
  publisher =	 {Studio~JG},
  address =	 {Warszawa},
  year =	 2019,
  edition =	 {I},
  isbn =	 {978-83-8001-493-0},
  note =	 {Tłum. Dariusz Latoś},
}



@book{ Nishi-Iruma-w-szkole-demonow-Vol-II-Pub-2020,
  author =	 {Osamu Nishi},
  title =	 {Iruma w~szkole demonów. Tom~II},
  publisher =	 {Studio~JG},
  address =	 {Warszawa},
  year =	 2020,
  edition =	 {I},
  isbn =	 {978-83-8001-534-0},
  note =	 {Tłum. Martyna Zdonek},
}



@book{ Nishi-Iruma-w-szkole-demonow-Vol-III-Pub-2020,
  author =	 {Osamu Nishi},
  title =	 {Iruma w~szkole demonów. Tom~III},
  publisher =	 {Studio~JG},
  address =	 {Warszawa},
  year =	 2020,
  edition =	 {I},
  isbn =	 {978-83-8001-559-3},
  note =	 {Tłum. Martyna Zdonek},
}



@book{ Nishi-Iruma-w-szkole-demonow-Vol-IV-Pub-2020,
  author =	 {Osamu Nishi},
  title =	 {Iruma w~szkole demonów. Tom~IV},
  publisher =	 {Studio~JG},
  address =	 {Warszawa},
  year =	 2020,
  edition =	 {I},
  isbn =	 {978-83-8001-592-0},
  note =	 {Tłum. Martyna Zdonek},
}



@book{ Obata-Ohba-Bakuman-Vol-I-Pub-2016,
  author =	 {Tsugami Ohba and Takeshi Obata},
  title =	 {Bakuman. Tom~I},
  publisher =	 {Waneko},
  address =	 {Warszawa},
  year =	 2016,
  edition =	 {I},
  isbn =	 {978-83-8096-027-5},
  note =	 {Tłum. Karolina Dwornik},
}



@book{ Obata-Ohba-Bakuman-Vol-II-Pub-2016,
  author =	 {Tsugami Ohba and Takeshi Obata},
  title =	 {Bakuman. Tom~II},
  publisher =	 {Waneko},
  address =	 {Warszawa},
  year =	 2016,
  edition =	 {I},
  isbn =	 {978-83-8096-028-2},
  note =	 {Tłum. Karolina Dwornik},
}



@book{ Obata-Ohba-Bakuman-Vol-III-Pub-2016,
  author =	 {Tsugami Ohba and Takeshi Obata},
  title =	 {Bakuman. Tom~III},
  publisher =	 {Waneko},
  address =	 {Warszawa},
  year =	 2016,
  edition =	 {I},
  isbn =	 {978-83-8096-029-9},
  note =	 {Tłum. Karolina Dwornik},
}



@book{ Obata-Ohba-Bakuman-Vol-IV-Pub-2016,
  author =	 {Tsugami Ohba and Takeshi Obata},
  title =	 {Bakuman. Tom~IV},
  publisher =	 {Waneko},
  address =	 {Warszawa},
  year =	 2016,
  edition =	 {I},
  isbn =	 {978-83-8096-030-5},
  note =	 {Tłum. Karolina Dwornik},
}



@book{ Obata-Ohba-Bakuman-Vol-V-Pub-2017,
  author =	 {Tsugami Ohba and Takeshi Obata},
  title =	 {Bakuman. Tom~V},
  publisher =	 {Waneko},
  address =	 {Warszawa},
  year =	 2017,
  edition =	 {I},
  isbn =	 {978-83-8096-031-2},
  note =	 {Tłum. Aleksandra Kulińska},
}



@book{ Obata-Ohba-Bakuman-Vol-VI-Pub-2017,
  author =	 {Tsugami Ohba and Takeshi Obata},
  title =	 {Bakuman. Tom~VI},
  publisher =	 {Waneko},
  address =	 {Warszawa},
  year =	 2017,
  edition =	 {I},
  isbn =	 {978-83-8096-032-9},
  note =	 {Tłum. Aleksandra Kulińska},
}



@book{ Obata-Ohba-Bakuman-Vol-VII-Pub-2017,
  author =	 {Tsugami Ohba and Takeshi Obata},
  title =	 {Bakuman. Tom~VII},
  publisher =	 {Waneko},
  address =	 {Warszawa},
  year =	 2017,
  edition =	 {I},
  isbn =	 {978-83-8096-033-6},
  note =	 {Tłum. Aleksandra Kulińska},
}



@book{ Obata-Ohba-Bakuman-Vol-VIII-Pub-2017,
  author =	 {Tsugami Ohba and Takeshi Obata},
  title =	 {Bakuman. Tom~VIII},
  publisher =	 {Waneko},
  address =	 {Warszawa},
  year =	 2017,
  edition =	 {I},
  isbn =	 {978-83-8096-034-3},
  note =	 {Tłum. Aleksandra Kulińska},
}



@book{ Obata-Ohba-Bakuman-Vol-IX-Pub-2017,
  author =	 {Tsugami Ohba and Takeshi Obata},
  title =	 {Bakuman. Tom~IX},
  publisher =	 {Waneko},
  address =	 {Warszawa},
  year =	 2017,
  edition =	 {I},
  isbn =	 {978-83-8096-035-0},
  note =	 {Tłum. Aleksandra Kulińska},
}



@book{ Obata-Ohba-Bakuman-Vol-X-Pub-2017,
  author =	 {Tsugami Ohba and Takeshi Obata},
  title =	 {Bakuman. Tom~X},
  publisher =	 {Waneko},
  address =	 {Warszawa},
  year =	 2017,
  edition =	 {I},
  isbn =	 {978-83-8096-036-7},
  note =	 {Tłum. Aleksandra Kulińska},
}



@book{ Obata-Ohba-Bakuman-Vol-XI-Pub-2018,
  author =	 {Tsugami Ohba and Takeshi Obata},
  title =	 {Bakuman. Tom~XI},
  publisher =	 {Waneko},
  address =	 {Warszawa},
  year =	 2018,
  edition =	 {I},
  isbn =	 {978-83-8096-037-4},
  note =	 {Tłum. Aleksandra Kulińska},
}



@book{ Obata-Ohba-Bakuman-Vol-XII-Pub-2018,
  author =	 {Tsugami Ohba and Takeshi Obata},
  title =	 {Bakuman. Tom~XII},
  publisher =	 {Waneko},
  address =	 {Warszawa},
  year =	 2018,
  edition =	 {I},
  isbn =	 {978-83-8096-038-1},
  note =	 {Tłum. Aleksandra Kulińska},
}



@book{ Obata-Ohba-Bakuman-Vol-XIII,
  author =	 {Tsugami Ohba and Takeshi Obata},
  title =	 {Bakuman. Tom~XIII},
  publisher =	 {Waneko},
  address =	 {Warszawa},
  isbn =	 {978-83-8096-039-8},
  note =	 {Tłum. Agnieszka Zychma},
}



@book{ Obata-Ohba-Bakuman-Vol-XIV-Pub-2018,
  author =	 {Tsugami Ohba and Takeshi Obata},
  title =	 {Bakuman. Tom~XIV},
  publisher =	 {Waneko},
  address =	 {Warszawa},
  isbn =	 {978-83-8096-040-4},
  note =	 {Tłum. Agnieszka Zychma},
}



@book{ Obata-Ohba-Bakuman-Vol-XV,
  author =	 {Tsugami Ohba and Takeshi Obata},
  title =	 {Bakuman. Tom~XV},
  publisher =	 {Waneko},
  address =	 {Warszawa},
  isbn =	 {978-83-8096-041-1},
  note =	 {Tłum. Agnieszka Zychma},
}



@book{ Obata-Ohba-Bakuman-Vol-XVI,
  author =	 {Tsugami Ohba and Takeshi Obata},
  title =	 {Bakuman. Tom~XVI},
  publisher =	 {Waneko},
  address =	 {Warszawa},
  isbn =	 {978-83-8096-042-8},
  note =	 {Tłum. Agnieszka Zychman},
}



@book{ Obata-Ohba-Bakuman-Vol-XVII-Pub-2017,
  author =	 {Tsugami Ohba and Takeshi Obata},
  title =	 {Bakuman. Tom~XVII},
  publisher =	 {Waneko},
  address =	 {Warszawa},
  year =	 2017,
  edition =	 {I},
  isbn =	 {978-83-8096-043-5},
  note =	 {Tłum. Agnieszka Zychman},
}



@book{ Obata-Ohba-Bakuman-Vol-XVIII,
  author =	 {Tsugami Ohba and Takeshi Obata},
  title =	 {Bakuman. Tom~XVIII},
  publisher =	 {Waneko},
  address =	 {Warszawa},
  edition =	 {I},
  isbn =	 {978-83-8096-044-2},
  note =	 {Tłum. Agnieszka Zychman},
}



@book{ Obata-Ohba-Bakuman-Vol-XIX,
  author =	 {Tsugami Ohba and Takeshi Obata},
  title =	 {Bakuman. Tom~XIX},
  publisher =	 {Waneko},
  address =	 {Warszawa},
  edition =	 {I},
  isbn =	 {978-83-8096-045-9},
  note =	 {Tłum. Agnieszka Zychman},
}



@book{ Obata-Ohba-Bakuman-Vol-XX,
  author =	 {Tsugami Ohba and Takeshi Obata},
  title =	 {Bakuman. Tom~XX},
  publisher =	 {Waneko},
  address =	 {Warszawa},
  edition =	 {I},
  isbn =	 {978-83-8096-046-6},
  note =	 {Tłum. Agnieszka Zychman},
}



@book{ One-Murata-One-Punch-Man-Vol-XVIII-Pub-2020,
  author =	 {One and Yusuke Murata},
  title =	 {One-Punch Man. Tom~XVIII},
  publisher =	 {J.P. Fantastica},
  address =	 {Mierzyn},
  year =	 2020,
  edition =	 {I},
  isbn =	 {978-83-7471-718-2},
  note =	 {Tłum. Paweł „Rep” Dybała, Laboratorium Językowe
                  KOTOKEN},
}



@book{ ONE-Murata-One-Punch-Man-Vol-XIX-Pub-2020,
  author =	 {ONE and Yusuke Murata},
  title =	 {One-Punch Man. Tom~XVIII},
  publisher =	 {J.P. Fantastica},
  address =	 {Mierzyn},
  year =	 2020,
  edition =	 {I},
  isbn =	 {978-83-7471-719-9},
  note =	 {Tłum. Paweł „Rep” Dybała, Laboratorium Językowe
                  KOTOKEN},
}



@book{ ONE-Murata-One-Punch-Man-Vol-XX-Pub-2020,
  author =	 {ONE and Yusuke Murata},
  title =	 {One-Punch Man. Tom~XX},
  publisher =	 {J.P. Fantastica},
  address =	 {Mierzyn},
  year =	 2021,
  edition =	 {I},
  isbn =	 {978-83-7471-720-5},
  note =	 {Tłum. Paweł „Rep” Dybała, Laboratorium Językowe
                  KOTOKEN},
}



@book{ ONE-Murata-One-Punch-Man-Vol-XXII-Pub-2021,
  author =	 {ONE and Yusuke Murata},
  title =	 {One-Punch Man. Tom~XXII},
  publisher =	 {J.P. Fantastica},
  address =	 {Mierzyn},
  year =	 2021,
  edition =	 {I},
  isbn =	 {978-83-7471-874-5},
  note =	 {Tłum. Paweł „Rep” Dybała, Laboratorium Językowe
                  KOTOKEN},
}



@book{ ONE-Murata-One-Punch-Man-Vol-XXIII-Pub-2022,
  author =	 {ONE and Yusuke Murata},
  title =	 {One-Punch Man. Tom~XXIII},
  publisher =	 {J.P. Fantastica},
  address =	 {Mierzyn},
  year =	 2022,
  edition =	 {I},
  isbn =	 {978-83-7471-875-2},
  note =	 {Tłum. Paweł „Rep” Dybała, Laboratorium Językowe
                  KOTOKEN},
}



@book{ ONE-Murata-One-Punch-Man-Vol-XXIV-Pub-2023,
  author =	 {ONE and Yusuke Murata},
  title =	 {One-Punch Man. Tom~XXIV},
  publisher =	 {J.P. Fantastica},
  address =	 {Mierzyn},
  year =	 2023,
  edition =	 {I},
  isbn =	 {978-83-8264-230-8},
  note =	 {Tłum. Paweł „Rep” Dybała, Laboratorium Językowe
                  KOTOKEN},
}



@book{ ONE-Murata-One-Punch-Man-Vol-XXV-Pub-2023,
  author =	 {ONE and Yusuke Murata},
  title =	 {One-Punch Man. Tom~XXV},
  publisher =	 {J.P. Fantastica},
  address =	 {Mierzyn},
  year =	 2023,
  edition =	 {I},
  isbn =	 {978-83-8264-231-5},
  note =	 {Tłum. Paweł „Rep” Dybała, Laboratorium Językowe
                  KOTOKEN},
}



@book{ ONE-Murata-One-Punch-Man-Vol-XXVI-Pub-2023,
  author =	 {ONE and Yusuke Murata},
  title =	 {One-Punch Man. Tom~XXVI},
  publisher =	 {J.P. Fantastica},
  address =	 {Mierzyn},
  year =	 2023,
  edition =	 {I},
  isbn =	 {978-83-8264-235-3},
  note =	 {Tłum. Paweł „Rep” Dybała, Laboratorium Językowe
                  KOTOKEN},
}



@book{ Oone-Yakuza-w-fatruszku-Vol-I-Pub-2019,
  author =	 {Kousuke Oone},
  title =	 {Yakuza w~fartuszku. Kodeks perfekcyjnego pana domu.
                  Tom~I},
  publisher =	 {Studio JG},
  address =	 {Warszawa},
  year =	 2019,
  edition =	 {I},
  isbn =	 {978-83-8001-492-3},
  note =	 {Tłum. Paulina Tuczapska},
}



@book{ Oone-Yakuza-w-fatruszku-Vol-II-Pub-2020,
  author =	 {Kousuke Oone},
  title =	 {Yakuza w~fartuszku. Kodeks perfekcyjnego pana domu.
                  Tom~II},
  publisher =	 {Studio JG},
  address =	 {Warszawa},
  year =	 2020,
  edition =	 {I},
  isbn =	 {978-83-8001-557-9},
  note =	 {Tłum. Paulina Tuczapska},
}



@book{ Q-Hayashida-Dai-Dark-Vol-I-Pub-2024,
  author =	 {Q-Hayashida},
  title =	 {Dai Dark. Tom~I},
  publisher =	 {Studio JG},
  adress =	 {Warszawa},
  year =	 2023,
  edition =	 {I},
  isbn =	 {978-83-8257-418-0},
  note =	 {Tłum. Katarzyna Godwod},
}



@book{ Tatsu-Dandadan-Vol-I-Pub-2023,
  author =	 {Yukinobu Tatsu},
  title =	 {Dandadan. Tom~I},
  publisher =	 {Studio JG},
  adress =	 {Warszawa},
  year =	 2023,
  edition =	 {I},
  isbn =	 {978-83-8257-118-9},
  note =	 {Tłum. Katarzyna Godwod},
}



@book{ Sakurai-Czarne-chmury-w-moim-seru-Vol-I-Pub-2023,
  author =	 {Norio Sakurai},
  title =	 {Dandadan. Tom~I},
  publisher =	 {Wydawnictwo Dango Martyna Raszkowa},
  adress =	 {Rosnowo},
  year =	 2023,
  edition =	 {I},
  isbn =	 {978-83-67389-53-2},
  note =	 {Tłum. Agata Zielezińska},
}



@book{ Sugisaki-D-N-Angel-New-edition-Vol-I-Pub-2021,
  author =	 {Yukiru Sugisaki},
  title =	 {D.N.Angel New Edition. Tom~I},
  publisher =	 {J.P. Fantastica},
  adress =	 {Mierzyn},
  year =	 2021,
  edition =	 {I},
  isbn =	 {978-83-8264-321-3},
  note =	 {Tłum. Dominika „Kacper” Krupczak~-- Laboratorim
                  Językowe KOTOKEN},
}



@book{ Tsukiya-Kiedy-yakuza-zostaje-nianka-Vol-I-Pub-2021,
  author =	 {Tsuiya},
  title =	 {Kiedy yakuza zostaje niańką. Tom~I},
  publisher =	 {Dango Martyna Raszka},
  adress =	 {Rosnowo},
  year =	 2021,
  edition =	 {I},
  isbn =	 {978-83-66596-33-7},
  note =	 {Tłum. Agata Zielezińska},
}



@book{ Tsutsui-Manhole-Vol-I-Pub-2017,
  author =	 {Tetsuya Tsutsui},
  title =	 {Manhole. Tom~I},
  publisher =	 {Studio JG},
  adress =	 {Warszawa},
  year =	 2017,
  edition =	 {I},
  isbn =	 {978-83-8001-209-7},
  note =	 {Tłum. Jacek Mendyk},
}



@book{ Urasawa-Chlopaki-z-dwudziestego-wieku-Vol-I,
  author =	 {Naoki Urasawa},
  title =	 {Chłopaki z~dwudziestego wieku. Tom~I},
  publisher =	 {Hanami},
  edition =	 {II},
  note =	 {Tłum. Radosław Bolałek},
}



@book{ Urasawa-Chlopaki-z-dwudziestego-wieku-Vol-II,
  author =	 {Naoki Urasawa},
  title =	 {Chłopaki z~dwudziestego wieku. Tom~II},
  publisher =	 {Hanami},
  edition =	 {II},
  note =	 {Tłum. Radosław Bolałek},
}



@book{ Urasawa-Chlopaki-z-dwudziestego-wieku-Vol-III,
  author =	 {Naoki Urasawa},
  title =	 {Chłopaki z~dwudziestego wieku. Tom~III},
  publisher =	 {Hanami},
  edition =	 {I},
  note =	 {Tłum. Radosław Bolałek},
}



@book{ Urasawa-Chlopaki-z-dwudziestego-wieku-Vol-IV,
  author =	 {Naoki Urasawa},
  title =	 {Chłopaki z~dwudziestego wieku. Tom~IV},
  publisher =	 {Hanami},
  edition =	 {I},
  note =	 {Współpraca przy scenariuszu: Tadashii Nagasaki.
                  Tłum. Radosław Bolałek},
}



@book{ Urasawa-Chlopaki-z-dwudziestego-wieku-Vol-V,
  author =	 {Naoki Urasawa},
  title =	 {Chłopaki z~dwudziestego wieku. Tom~V},
  publisher =	 {Hanami},
  edition =	 {I},
  note =	 {Współpraca przy scenariuszu: Tadashii Nagasaki.
                  Tłum. Radosław Bolałek},
}



@book{ Urasawa-Chlopaki-z-dwudziestego-wieku-Vol-VI,
  author =	 {Naoki Urasawa},
  title =	 {Chłopaki z~dwudziestego wieku. Tom~VI},
  publisher =	 {Hanami},
  edition =	 {I},
  note =	 {Współpraca przy scenariuszu: Tadashii Nagasaki.
                  Tłum. Radosław Bolałek},
}



@book{ Urasawa-Chlopaki-z-dwudziestego-wieku-Vol-VII,
  author =	 {Naoki Urasawa},
  title =	 {Chłopaki z~dwudziestego wieku. Tom~VII},
  publisher =	 {Hanami},
  edition =	 {I},
  note =	 {Współpraca przy scenariuszu: Tadashii Nagasaki.
                  Tłum. Radosław Bolałek},
}



@book{ Urasawa-Chlopaki-z-dwudziestego-wieku-Vol-VIII,
  author =	 {Naoki Urasawa},
  title =	 {Chłopaki z~dwudziestego wieku. Tom~VIII},
  publisher =	 {Hanami},
  edition =	 {I},
  note =	 {Współpraca przy scenariuszu: Tadashii Nagasaki.
                  Tłum. Radosław Bolałek},
}



@book{ Urasawa-Chlopaki-z-dwudziestego-wieku-Vol-IX,
  author =	 {Naoki Urasawa},
  title =	 {Chłopaki z~dwudziestego wieku. Tom~IX},
  publisher =	 {Hanami},
  edition =	 {I},
  isbn =	 {978-83-65520-81-4},
  note =	 {Współpraca przy scenariuszu: Tadashii Nagasaki.
                  Tłum. Radosław Bolałek},
}



@book{ Urasawa-Chlopaki-z-dwudziestego-wieku-Vol-X,
  author =	 {Naoki Urasawa},
  title =	 {Chłopaki z~dwudziestego wieku. Tom~X},
  publisher =	 {Hanami},
  edition =	 {I},
  isbn =	 {978-83-67799-18-8},
  note =	 {Współpraca przy scenariuszu: Tadashii Nagasaki.
                  Tłum. Radosław Bolałek},
}



@book{ Urasawa-Chlopaki-z-dwudziestego-wieku-Vol-XI,
  author =	 {Naoki Urasawa},
  title =	 {Chłopaki z~dwudziestego wieku. Tom~XI},
  publisher =	 {Hanami},
  edition =	 {I},
  isbn =	 {978-83-67799-19-5},
  note =	 {Współpraca przy scenariuszu: Tadashii Nagasaki.
                  Tłum. Radosław Bolałek},
}



@book{ Urasawa-Billy-Bat-Vol-I,
  author =	 {Naoki Urasawa},
  title =	 {Billy Bat. Tom~I},
  publisher =	 {Hanami},
  edition =	 {I},
  isbn =	 {978-83-67799-36-2},
  note =	 {Współscenarzysta Tadashii Nagasaki.
                  Tłum. Radosław Bolałek},
}



@book{ Nightow-Trigun-Pub-2019,
  author =	 {Yasuhiro Nightow},
  title =	 {Trigun},
  publisher =	 {Studio JG},
  address =	 {Warszawa},
  year =	 2019,
  edition =	 {I},
  isbn =	 {9788380015104},
  note =	 {Tłum. Dariusz Latoś},
}



@book{ Tadano-Ulotne-chwile-Ichiki-Vol-I-Pub-2024,
  author =	 {Natsu Tadano},
  title =	 {Ulotne chwile Ichiki. Tom~I},
  publisher =	 {Studio JG},
  address =	 {Warszawa},
  year =	 2024,
  edition =	 {I},
  isbn =	 {978-83-8257-583-5},
  note =	 {Tłum. Katarzyna Godwod},
}



@book{ Tadano-Ulotne-chwile-Ichiki-Vol-II-Pub-2024,
  author =	 {Natsu Tadano},
  title =	 {Ulotne chwile Ichiki. Tom~II},
  publisher =	 {Studio JG},
  address =	 {Warszawa},
  year =	 2025,
  edition =	 {I},
  isbn =	 {978-83-8257-640-5},
  note =	 {Tłum. Zuzanna Sobkowicz},
}



@book{ Taniguchi-Kusumi-Samotny-Smakosz-Pub-2014,
  author =	 {Jiro Taniguchi and Masayuki Kusumi},
  title =	 {Samotny smakosz},
  publisher =	 {Hanami},
  address =	 {Warszawa},
  year =	 2014,
  edition =	 {I},
  note =	 {Tłum. Radosław Bolałek},
}



@book{ Yamazaki-Pani-dentystko-nie-tak-blisko-Vol-I-Pub-2024,
  author =	 {Sho Yamazaki},
  title =	 {Pani dentystko, nie tak blisko! Tom~I},
  publisher =	 {Studio JG},
  address =	 {Warszawa},
  year =	 2024,
  edition =	 {I},
  isbn =	 {978-83-8257-411-1},
  note =	 {Tłum. Katarzyna Godwod},
}










@Comment #############################################################
@Comment Polish comics
@Comment #############################################################


@book{ Sledzinski-Na-szybko-spisane-Od-1980-do-1990-Pub-2007,
  author =	 {Michał „Śledziu” Śledziński},
  title =	 {Na szybko spisane. 1980--1990},
  publisher =	 {kultura gniewu},
  address =	 {Warszawa},
  year =	 2007,
  edition =	 {I},
}










@Comment #########################################
@Comment Tytus, Romek i A'Tomek comics
@Comment #########################################


@book{ Chmielewski-Tytus-Romek-i-ATomek-Ksiega-IV,
  author =	 {Henryk Jerzy Chmielewski},
  title =	 {Tytus Romek i~A'Tomek. Księga IV},
  publisher =	 {Prószyński Media Sp. z~o.o.},
  address =	 {Warszawa},
  note =	 {Przygotowano do druku na podstawie oryginalnych
                  wydań},
}



@book{ Chmielewski-Tytus-Romek-i-ATomek-Ksiega-VI-Pub-1996,
  author =	 {Henryk Jerzy Chmielewski},
  title =	 {Tytus Romek i~A'Tomek. Księga VI},
  publisher =	 {Prószyński i~S-ka},
  address =	 {Warszawa},
  year =	 1996,
  edition =	 {IV},
}



@book{ Chmielewski-Tytus-Romek-i-ATomek-Ksiega-XI-Pub-2000,
  author =	 {Henryk Jerzy Chmielewski},
  title =	 {Tytus Romek i~A'Tomek. Księga~XI: Tytus ratuje
                  zabytki},
  publisher =	 {Prószyński i~S-ka},
  address =	 {Warszawa},
  year =	 2000,
  edition =	 {IV},
  isbn =	 {83-7255-421-8},
}



@book{ Chmielewski-Tytus-Romek-i-ATomek-Ksiega-XII-Pub-1989,
  author =	 {Henryk Jerzy Chmielewski},
  title =	 {Tytus Romek i~A'Tomek. Księga XII},
  publisher =	 {Młodzieżowa Agencja Wydawnicza},
  address =	 {Warszawa},
  year =	 1989,
  edition =	 {I},
}



@book{ Chmielewski-Tytus-Romek-i-ATomek-Ksiega-XXI-Pub-1994,
  author =	 {Henryk Jerzy Chmielewski},
  title =	 {Tytus Romek i~A'Tomek. Księga XXI},
  publisher =	 {Prószyński i~S-ka},
  address =	 {Warszawa},
  year =	 1994,
  edition =	 {I},
}



@book{ Chmielewski-Tytus-Romek-i-ATomek-Ksiega-XXII-Pub-1996,
  author =	 {Henryk Jerzy Chmielewski},
  title =	 {Tytus Romek i~A'Tomek. Księga XXII},
  publisher =	 {Prószyński i~S-ka},
  address =	 {Warszawa},
  year =	 1996,
  edition =	 {I},
}



@book{ Chmielewski-Zlota-ksiega-przygod-Pub-2002,
  author =	 {Henryk Jerzy Chmielewski},
  title =	 {Tytus Romek i~A'Tomek. Złota księga przygód},
  publisher =	 {Prószyński i~S-ka},
  address =	 {Warszawa},
  year =	 2002,
  edition =	 {I},
}
