@Comment ##############################################################
@Comment ##############################################################
@Comment Commentary, conversations, publicistics, books
@Comment ##############################################################
@Comment ##############################################################



@book{ Adamski-Wojna-swiatow-w-popkulturze-Pub-2011,
  author =	 {Łukasz Adamski},
  title =	 {Wojna światów w~popkulturze},
  publisher =	 {Wydawnictwo Wektory},
  address =	 {Bielany Wrocławskie},
  year =	 2011,
  edition =	 {I},
}



@book{ Appelbaum-Zmierzch-demokracji-Pub-2020,
  author =	 {Anne Applebaum},
  title =	 {Zmierzch demokracji. Zwodniczy powab autorytaryzmu},
  publisher =	 {Wydawnictwo Agora},
  address =	 {Warszawa},
  year =	 2020,
  edition =	 {I},
  isbn =	 {9788326841064},
  note =	 {Tłum. Piotr Tarczyński},
}



@book{ Chodakiewicz-Transformacja-czy-niepodleglosc-Pub-2014,
  author =	 {Marek Jan Chodakiewicz},
  title =	 {Transformacja czy~niepodległość?},
  publisher =	 {PATRIA MEDIA},
  address =	 {Kraków},
  year =	 2014,
  edition =	 {I},
  note =	 {Wstęp, wybór i~opracowanie tekstów: Adam
		  Chmielnicki},
}



@book{ Chodakiewicz-O-cywilizacji-smierci-Pub-2019,
  author =	 {Marek Jan Chodakiewicz},
  title =	 {O~cywilizacji śmierci. Jak zatrzymać antykulturę
                  totalitarnych mniejszości},
  publisher =	 {3S~MEDIA Sp.~z~o.o.},
  address =	 {Warszawa},
  year =	 2019,
  edition =	 {I},
  series =	 {Biblioteka Wolności},
}



@book{ Dmochowski-Kosciol-Wyborczej-Pub-2014,
  author =	 {Artur Dmochowski},
  title =	 {Kościół „Wyborczej”. Największa operacja
                  resortowych dzieci},
  publisher =	 {Wydawnictwo Słowa i~Myśli},
  address =	 {Warszawa},
  year =	 2014,
  edition =	 {I},
}



@book{ Jankowski-Konserwatyzm-liberalizm-i-ETC-Pub-2022,
  author =	 {Zbigniew Janowski},
  title =	 {Konserwatyzm, liberalizm i~cywilizacja zachodnia},
  publisher =	 {Wydawnictwo Arcana},
  address =	 {Kraków},
  year =	 2022,
  edition =	 {I},
  isbn =	 {978-83-65350-74-9},
}



@book{ Krasnodebski-Drzemka-rozsadnych-Pub-2006,
  author =	 {Zdzisław Krasnodębski},
  title =	 {Drzemka rozsądnych. Zebrane eseje i~szkice},
  publisher =	 {Ośrodek Myśli Politycznej. Wyższa Szkoła Europejska
                  im.~ks.~Józefa Tischnera},
  address =	 {Kraków},
  year =	 2006,
  edition =	 {I},
  series =	 {Biblioteka Myśli Politycznej},
  volume =	 47,
}



@book{ Krasnodebski-Wiekszego-cudu-nie-bedzie-Pub-2011,
  author =	 {Zdzisław Krasnodębski},
  title =	 {Większego cudu nie będzie. Zebrane eseje
                  i~szkice~IV},
  publisher =	 {Ośrodek Myśli Politycznej},
  address =	 {Kraków},
  year =	 2011,
  edition =	 {I},
}



@book{ Krasnodebski-Zwyciezca-po-przejsciach-Pub-2012,
  author =	 {Zdzisław Krasnodębski},
  title =	 {Zwycięzca po przejściach: zebrane eseje i~szkice~V},
  publisher =	 {Ośrodek Myśli Politycznej},
  address =	 {Kraków},
  year =	 2012,
  edition =	 {I},
}



@book{ Nowak-Intelektualna-historia-III-RP-Pub-2013,
  author =	 {Andrzej Nowak},
  title =	 {Intelektualna historia III RP. Rozmowy z~lat
		  1990--2012},
  publisher =	 {Sic!},
  address =	 {Warszawa},
  year =	 2013,
  edition =	 {I},
}



@book{ Nowak-Miedzy-nieladem-a-niewola-Pub-2020,
  author =	 {Andrzej Nowak},
  title =	 {Między nieładem a~niewolą. Krótka historia myśli
                  politycznej},
  publisher =	 {Biały Kruk},
  address =	 {Kraków},
  year =	 2020,
  edition =	 {I},
  isbn =	 9788375533064,
}










@Comment ##############################################################
@Comment
@Comment ##############################################################
