@Comment ##############################################################
@Comment ##############################################################
@Comment Commentary, conversations, publicistics, online resources
@Comment ##############################################################
@Comment ##############################################################



@online{ Kita-Kloc-Czeslaw-Milosz-anytpolak-czy-wielk-poeta-ETC-Ver-2024,
  author =	 {Kacper Kita and Krzysztof Kloc},
  title =	 {Czesław Miłosz~-- antypolak czy nasz wielki poeta?
                  Patriotyzm, Żydzi, Dmowski, Michnik},
  year =	 2024,
  url =		 {https://www.youtube.com/watch?v=CWije66n1ms},
  urldate =	 {20-VII-2024},
}









@Comment ##############################################################
@Comment Analysis and reflections about different faiths and believes
@Comment ##############################################################
