@Comment ##############################################################
@Comment ##############################################################
@Comment Commentary, conversations, publicistics. Netography
@Comment ##############################################################
@Comment ##############################################################













@Comment ##############################################################
@Comment Poland
@Comment ##############################################################


@online{ Nowy-Lad-Czeslaw-Milosz-anytpolak-czy-wielk-poeta-ETC-Ver-2024,
  author =	 {Nowy Ład},
  title =	 {Czesław Miłosz~-- antypolak czy nasz wielki poeta?
                  Patriotyzm, Żydzi, Dmowski, Michnik; Prof. K.~Kloc},
  year =	 2024,
  url =		 {https://www.youtube.com/watch?v=CWije66n1ms},
  urldate =	 {20-VII-2024},
}










@Comment #########################################
@Comment Nowy Ład
@Comment #########################################


@online{ Grott-Roman-Dmowski-o-Polakach-i-Polsce-ETC-Ver-2020,
  author =	 {Bogumił Grott},
  title =	 {Roman Dmowski o~Polakach i~Polsce na tle sądów
                  o~innych narodach},
  year =	 2020,
  url =
                  {https://nlad.pl/roman-dmowski-o-polakach-i-polsce-na-tle-sadow-o-innych-narodach/},
  urldate =	 {27-VII-2024},
  note =	 {Nowy Ład},
}



@online{ Hucul-O-co-wlasciwie-nam-chodzi-ETC-Ver-2022,
  author =	 {Jan Hucuł},
  title =	 {O~co właściwe nam chodzi? Rozważania nad celami
                  i~wyzwaniami nacjonalizmu w~XXI~w.},
  year =	 2022,
  url =
                  {https://nlad.pl/o-co-wlasciwie-nam-chodzi-rozwazania-nad-celami-i-wyzwaniami-nacjonalizmu-w-xxi-w/},
  urldate =	 {03-XI-2024},
  note =	 {Nowy Ład},
}



@online{ Niedzielka-Dylematy-chrzescijanskiego-nacjonalizmu-Ver-2024,
  author =	 {Wojciech Niedzielka},
  title =	 {Dylematy chrześcijańskiego nacjonalizmu},
  year =	 2024,
  url =
                  {https://nlad.pl/dylematy-chrzescijanskiego-nacjonalizmu/},
  urldate =	 {03-XI-2024},
  note =	 {Nowy Ład},
}