@book{ Anselm-Podstawy-fizyki-statystycznej-i-termodynamiki-Pub-1978,
  author =	 {A.I. Anselm},
  title =	 {Podstawy fizyki statystycznej i~termodynamiki},
  publisher =	 {Państwowe Wydawnictwo Naukowe},
  address =	 {Warszawa},
  year =	 1978,
  edition =	 {I},
  note =	 {Tłum. Ewa Bugańska-Adamowicz},
}