@Comment #############################################################
@Comment #############################################################
@Comment Mathematics, online resources
@Comment #############################################################
@Comment #############################################################



@Comment #############################################################
@Comment Foundations of mathematics
@Comment #############################################################











@Comment #########################################
@Comment Set theory
@Comment #########################################


@online{ Woodin-The-Continuum-Hypothesis-and-the-search-ETC-2015,
  author =	 {W. Hugh Woodin},
  title =	 {The~Continuum Hypotheis and the~search for
                  Mathematical Infinity},
  year =	 2015,
  url =		 {https://www.youtube.com/watch?v=nVF4N1Ix5WI},
  urldate =	 {2024-08-26},
  note =	 {Copernicus},
}










@Comment #########################################
@Comment Reverse mathematics
@Comment #########################################


@online{ Normann-An-alternative-perspective-on-Reverse-ETC-Ver-2021,
  author =	 {Dag Normann},
  title =	 {An~alternative perspective on~Reverse Mathematics},
  year =	 2021,
  url =		 {https://www.youtube.com/watch?v=AeGMnAg7Gtw},
  urldate =	 {2024-08-09},
  note =	 {Sam Sanders},
}



@online{ Schindler-How-many-reals-are-there-Ver-2020,
  author =	 {Ralf Schindler},
  title =	 {How many reals are there?},
  year =	 2020,
  url =		 {https://www.youtube.com/watch?v=tqKjQfoXpa8},
  urldate =	 {2024-08-09},
  note =	 {Sam Sanders},
}



@online{ Simpson-The-Godel-Hirarchy-and-Reverse-Mathematics-Ver-2008,
  author =	 {Stephen Simpson},
  title =	 {The~GÃ¶del Hierarchy and Reverse Mathematics},
  year =	 2008,
  url =		 {https://www.youtube.com/watch?v=fdERLrw9bkY},
  urldate =	 {2024-07-12},
  note =	 {Logic and Foundations~of Mathematics},
}










@Comment #############################################################
@Comment General materials about mathematics
@Comment #############################################################


@online{ Cepelewicz-This-Man-Is-About-to-Blow-Up-ETC-Ver-2017,
  author =	 {Jordana Cepelewicz},
  title =	 {This Man Is About to Blow Up Mathematics},
  year =	 2017,
  url =
                  {https://nautil.us/this-man-is-about-to-blow-up-mathematics-236446/},
  urldate =	 {2024-08-09},
}



@online{ PolyaMath-Why-is-this-Fundamental-to-arithmetics-Ver-2024,
  author =	 {PolyaMath},
  title =	 {Why is this "Fundamental" to arithmetics?},
  year =	 2024,
  url =		 {https://www.youtube.com/watch?v=46E0-XJuAXs},
  urldate =	 {2024-08-04},
}










@Comment #############################################################
@Comment Mathematics and computer science
@Comment #############################################################


@online{ Tao-AI-and-Mathematics-Ver-2024,
  author =	 {Terence Tao},
  title =	 {AI and~Mathematics},
  year =	 2024,
  url =		 {https://www.youtube.com/watch?v=e049IoFBnLA},
  urldate =	 {2024-08-28},
  note =	 {AIMO Prize},
}



@online{ Tao-Machine-Assisted-Prof-Ver-2024,
  author =	 {Terence Tao},
  title =	 {Machine Assisted Proof},
  year =	 2024,
  url =		 {https://www.youtube.com/watch?v=AayZuuDDKP0},
  urldate =	 {2025-03-09},
  note =	 {Joint Mathematics Meetings},
}



@online{ Gowers-What-makes-solving-mathematics-ETC-Ver-2024,
  author =	 {Timothy Gowers},
  title =	 {What makes solving mathematics problems hard for
                  computers?},
  year =	 2024,
  url =		 {https://www.youtube.com/watch?v=MjjiFASbExg},
  urldate =	 {2024-09-06},
  note =	 {IMSA},
}










@Comment #############################################################
@Comment Noncommutative geometry
@Comment #############################################################


@online{ Suijlekom-Non-commutative-geometry-and-spectral-ETC-Part-I-Ver-2021,
  author =	 {Walter van Suijlekom},
  title =	 {Non-commutative geometry and~spectral triples. Lecture~1},
  year =	 2021,
  url =		 {https://www.youtube.com/watch?v=t4u5eFIsB9M},
  urldate =	 {2025-04-30},
  note =	 {Mathematics M\"{u}nster},
}










@Comment #############################################################
@Comment Reflections about mathematics
@Comment #############################################################


@online{ Southwell-My-perspective-on-ETC-Ver-2024,
  author =	 {Richard Southwell},
  title =	 {My~Perspective On Category Theory: Past and Future},
  year =	 2024,
  url =		 {https://www.youtube.com/watch?v=X23P8HcuneI},
  urldate =	 {2024-07-11},
}



@online{ -to-arithmetics-Ver-2024,
  author =	 {},
  title =	 {},
  year =	 2024,
  url =		 {https://www.youtube.com/watch?v=46E0-XJuAXs},
  urldate =	 {},
}










@Comment #############################################################
@Comment Spectral theory
@Comment #############################################################


@online{ Bourne-Can-you-hear-the-shape-of-a-drum-Coffee-ETC-Ver-2023,
  author =	 {Christopher Bourne},
  title =	 {Can you hear the~shape~of a~drum?~-- Coffee Meeting
                  Talk by~Dr.~Christopher Bourne},
  year =	 2023,
  url =		 {https://www.youtube.com/watch?v=AmfQ2eL2XKw},
  urldate =	 {2025-04-30},
  note =	 {iTHEMS},
}










@Comment #############################################################
@Comment Very simple talks about mathematics
@Comment #############################################################
