@Comment #############################################################
@Comment #############################################################
@Comment Mathematics, online resources
@Comment #############################################################
@Comment #############################################################













@Comment #############################################################
@Comment General materials about mathematics
@Comment #############################################################


@online{ PolyaMath-Why-is-this-Fundamental-to-arithmetics-Ver-2024,
  author =	 {PolyaMath},
  title =	 {Why is this "Fundamental" to arithmetics?},
  year =	 2024,
  url =		 {https://www.youtube.com/watch?v=46E0-XJuAXs},
  urldate =	 {04-VIII-2024},
}










@Comment #############################################################
@Comment Philosophy and history of mathematics
@Comment #############################################################


@online{ Atten-Brouwer-and-the-Mathematics-of-the-Continuum-Ver-2024,
  author =	 {Mark van~Atten},
  title =	 {Brouwer and the~Mathematics~of the~Continuum},
  year =	 2014,
  url =		 {https://www.youtube.com/watch?v=WNAm7TH0iOw},
  urldate =	 {24-VII-2024},
}










@Comment #############################################################
@Comment Reflections about mathematics
@Comment #############################################################


@online{ Southwell-My-perspective-on-ETC-Ver-2024,
  author =	 {Richard Southwell},
  title =	 {My~Perspective On Category Theory: Past and Future},
  year =	 2024,
  url =		 {https://www.youtube.com/watch?v=X23P8HcuneI},
  urldate =	 {11-VII-2024},
}










@Comment #############################################################
@Comment Reverse mathematics
@Comment #############################################################


@online{ Simpson-The-Godel-Hirarchy-and-Reverse-Mathematics-2008,
  author =	 {Richard Southwell},
  title =	 {The~GÃ¶del Hierarchy and Reverse Mathematics},
  year =	 2008,
  url =		 {https://www.youtube.com/watch?v=fdERLrw9bkY},
  urldate =	 {12-VII-2024},
}