@Comment #############################################################
@Comment #############################################################
@Comment Philosophy and history of mathematics. Netography
@Comment #############################################################
@Comment #############################################################


@online{ Atten-Brouwer-and-the-Mathematics-of-the-Continuum-Ver-2024,
  author =	 {Mark van~Atten},
  title =	 {Brouwer and the~Mathematics~of the~Continuum},
  year =	 2014,
  url =		 {https://www.youtube.com/watch?v=WNAm7TH0iOw},
  urldate =	 {2024-07-24},
  note =	 {Sam Sanders},
}



@online{ Baaz-Kurt-Godel-and-Alfred-Tarski-The-Extremes-ETC-Ver-2021,
  author =	 {Matthias Baaz},
  title =	 {Kurt GÃ¶del and Alfred Tarski: The Extremes~of Logic},
  year =	 2021,
  url =		 {https://www.youtube.com/watch?v=XcFk4HU56SA},
  urldate =	 {2024-08-09},
  note =	 {Sam Sanders},
}










@Comment #############################################################
@Comment
@Comment #############################################################


@online{ -Ver-2024,
  author =	 {},
  title =	 {},
  year =	 2024,
  url =		 {https://www.youtube.com/watch?v=46E0-XJuAXs},
  urldate =	 {},
}









@Comment #############################################################
@Comment
@Comment #############################################################



@Comment ###############################
@Comment
@Comment ###############################


@online{ -ETC-2021,
  author =	 {},
  title =	 {},
  year =	 2021,
  url =		 {https://www.youtube.com/watch?v=AeGMnAg7Gtw},
  urldate =	 {},
  note =	 {Sam Sanders},
}



@online{ -Ver-2020,
  author =	 {},
  title =	 {},
  year =	 2020,
  url =		 {https://www.youtube.com/watch?v=tqKjQfoXpa8},
  urldate =	 {},
  note =	 {Sam Sanders},
}



@online{ -Ver-2008,
  author =	 {},
  title =	 {},
  year =	 2008,
  url =		 {https://www.youtube.com/watch?v=fdERLrw9bkY},
  urldate =	 {},
  note =	 {Logic and Foundations~of Mathematics},
}










@Comment #############################################################
@Comment General materials about mathematics
@Comment #############################################################


@online{ -ETC-Ver-2017,
  author =	 {},
  title =	 {},
  year =	 2017,
  url =
                  {https://nautil.us/this-man-is-about-to-blow-up-mathematics-236446/},
  urldate =	 {},
}



@online{ -Ver-2024,
  author =	 {},
  title =	 {},
  year =	 2024,
  url =		 {https://www.youtube.com/watch?v=46E0-XJuAXs},
  urldate =	 {},
}










@Comment #############################################################
@Comment
@Comment #############################################################













@Comment #############################################################
@Comment
@Comment #############################################################


@online{ -ETC-Ver-2024,
  author =	 {},
  title =	 {},
  year =	 2024,
  url =		 {https://www.youtube.com/watch?v=X23P8HcuneI},
  urldate =	 {},
}








@online{ -to-arithmetics-Ver-2024,
  author =	 {},
  title =	 {},
  year =	 2024,
  url =		 {https://www.youtube.com/watch?v=46E0-XJuAXs},
  urldate =	 {},
}
