@Comment #############################################################
@Comment #############################################################
@Comment Civilisations and cultures. Netography
@Comment #############################################################
@Comment #############################################################



@Comment #############################################################
@Comment XX and XXI century
@Comment #############################################################


@online{ Grafzero-Kierunek-noc-vs-Starosc-aksolotla-Recenzje-Ver-2020,
  author =	 {Grafzero},
  title =	 {„Kierunek noc” vs~„Starość aksolotla”; Recenzje},
  year =	 2020,
  url =		 {https://www.youtube.com/watch?v=RksPTVF2phE},
  urldate =	 {2025-02-21},
}



@online{ Metatron-British-Univeristy-Issues-Trigger-ETC-Ver-2025,
  author =	 {Metatron},
  title =	 {British Univeristy Issues Trigger Warnings
                  For~Ancient Greek Mythology},
  year =	 2025,
  url =		 {https://www.youtube.com/watch?v=OQ19o5DHBh0},
  urldate =	 {2025-01-03},
}



@online{ Metatron-Christopher-Nolans-Odyssey-Looks-TERRIBLE-ETC-Ver-2025,
  author =	 {Metatron},
  title =	 {Christopher Nolan's Odyssey Looks TERRIBLE! Matt
                  Damon As~Odysseus},
  year =	 2025,
  url =		 {https://www.youtube.com/watch?v=uiIt3qyaG9w},
  urldate =	 {2025-05-16},
}



@online{ PCh24TV-Kasjaniuk-Mroczne-rytualy-Tajemnice-ETC-Ver-2024,
  author =	 {PCh24TV~-- Polonia Christiana},
  title =	 {Grzegorz Kasjaniuk: Mroczne rytuały. Tajemnice
                  przemysłu muzycznego},
  year =	 2024,
  url =		 {https://www.youtube.com/watch?v=YI5IBGBXOFo},
  urldate =	 {2025-01-06},
}



@online{ PCh24TV-Mysior-Obara-Taylor-Swift-podpisala-ETC-Ver-2024,
  author =	 {PCh24TV~-- Polonia Christiana},
  title =	 {Mysior i~Obara: Taylor Swift podpisała pakt z~diabłem?},
  year =	 2024,
  url =		 {https://www.youtube.com/watch?v=41I8dMZQXcI},
  urldate =	 {2024-08-02},
}



@online{ PCh24TV-Nawrocenia-Czy-oni-naprawde-pozegnali-demona-Ver-2025,
  author =	 {PCh24TV~-- Polonia Christiana},
  title =	 {Nawróćenia. Czy oni naprawdę pożegnali demona?},
  year =	 2025,
  url =		 {https://www.youtube.com/watch?v=zNcbxDx6M1I},
  urldate =	 {2025-01-17},
}



@online{ PCh24TV-Popkultura-sklada-hold-emonowi-O-tym-ETC-Ver-2023,
  author =	 {PCh24TV~-- Polonia Christiana},
  title =	 {Popkultura składa hołd demonowi? O~tym świat woli
                  milczeć!},
  year =	 2023,
  url =		 {https://www.youtube.com/watch?v=655Ynj_EcRs},
  urldate =	 {2025-03-29},
}










@Comment #############################################################
@Comment Catholic Culture Podcast
@Comment #############################################################


@online{ Catholic-Culture-Gene-Wolfe-Catholic-SciFi-ETC-Ep-77-Ver-2020,
  author =	 {Catholic Culture},
  title =	 {Gene Wolfe, Catholic SciFi Legend~-- Sandra Misesel,
                  Fr.~Brendon Laroche; Ep.~77},
  year =	 2020,
  url =		 {https://www.youtube.com/watch?v=8ZxArCnJDRk},
  urldate =	 {2024-09-03},
}



@online{ Catholic-Culture-On-Columbus-Robert-Royal-Ep-88-Ver-2020,
  author =	 {Catholic Culture},
  title =	 {On~Columbus~-- Robert Royal; Ep.~88},
  year =	 2020,
  url =		 {https://www.youtube.com/watch?v=8zPXC9KscGs},
  urldate =	 {2024-09-13},
}



@online{ Catholic-Culture-Claudels-Cosmic-Vision-ETC-Ep-92-Ver-2020,
  author =	 {Catholic Culture},
  title =	 {Claudel's Cosmic Vision~-- Jonathan Geltner; Ep.~92},
  year =	 2020,
  url =		 {https://www.youtube.com/watch?v=Z5jrU3JYnv0},
  urldate =	 {2024-09-13},
}



@online{ Catholic-Culture-Minor-Indignities-TC-Merrill-Ep-122-Ver-2022,
  author =	 {Catholic Culture},
  title =	 {"Minor Indigniteis"~-- T.C. Merrill; Ep.~122},
  year =	 2022,
  url =		 {https://www.youtube.com/watch?v=xH1Fm6C9i7E},
  urldate =	 {2025-03-26},
}



@online{ Catholic-Culture-Movies-music-and-ETC-Ep-139-Ver-2022,
  author =	 {Catholic Culture},
  title =	 {Movies, musi \&~contemplation: response to
                  Fr.~Gregory Pine; Ep.~139},
  year =	 2022,
  url =		 {https://www.youtube.com/watch?v=y5ll0Fuh5KI},
  urldate =	 {2025-02-09},
}



@online{ Catholic-Culture-Libertarianism-Jazz-and-ETC-Ep-141-Ver-2022,
  author =	 {Catholic Culture},
  title =	 {Libertarianism, Jazz \&~Critical Race Theory~--
                  Edward Feaser; Ep.~141},
  year =	 2022,
  url =		 {https://www.youtube.com/watch?v=KkDZU-It7f8},
  urldate =	 {2024-09-13},
}



@online{ Catholic-Culture-Being-Is-Better-Than-Not-Being-ETC-Ep-148-Ver-2022,
  author =	 {Catholic Culture},
  title =	 {Being Is~Better Than Not Being~-- Christopher Mirus;
                  Ep.~148},
  year =	 2022,
  url =		 {https://www.youtube.com/watch?v=YpGGfUPLp_U},
  urldate =	 {2025-04-17},
}



@online{ Catholic-Culture-Early-Feminism-Was-Worse-ETC-Ep-167-Ver-2023,
  author =	 {Catholic Culture},
  title =	 {Early Feminism Was Worse Than You Think~-- Carrie
                  Gress; Ep.~167},
  year =	 2023,
  url =		 {https://www.youtube.com/watch?v=zZLDJ7xuCwc},
  urldate =	 {2024-09-13},
}



@online{ Catholic-Culture-Rene-Girard-Catholic-philosopher-of-ETC-Ver-2025,
  author =	 {Catholic Culture},
  title =	 {Rene\'{e} Girard, Catholic philosopher~of
                  the~moment~-- Trevor Cribben Merrill},
  year =	 2025,
  url =		 {https://www.youtube.com/watch?v=t6okG8wVBwU},
  urldate =	 {2025-03-30},
}










@Comment #############################################################
@Comment Culture
@Comment #############################################################














@online{ -Ver-2024,
  author =	 {},
  title =	 {},
  year =	 2024,
  url =		 {https://www.youtube.com/watch?v=7OwdCc81zHo},
  urldate =	 {},
}












@Comment #############################################################
@Comment Fashion
@Comment #############################################################


@online{ RMRS-Why-Men-Stopped-Wearing-Suspenders-Ver-2024,
  author =	 {Real Men Real Style},
  title =	 {Why Men Stopped Wearing Suspenders},
  year =	 2024,
  url =		 {https://www.youtube.com/watch?v=wHQo1YIMzU4},
  urldate =	 {2024-11-11},
}














@Comment #############################################################
@Comment General problems
@Comment #############################################################


@online{ Kwaniewski-The-Shotgun-Wedding-for-the-Psychologized-ETC-Ver-2024,
  author =	 {Julian Kwasniewski},
  title =	 {The~Shotgun Wedding for the~Psychologized Self},
  year =	 2024,
  url =
                  {https://onepeterfive.com/the-shotgun-wedding-for-the-psychologized-self/},
  urldate =	 {2025-01-24},
  note =	 {OnePeterFive},
}










@Comment #############################################################
@Comment Italy 1870s state culture
@Comment #############################################################


@online{ Metatron-Is-the-Italian-Scene-in-ETC-Ver-2022,
  author =	 {Metatron},
  title =	 {Is the~Italian Scene is The Irishman Authentic? Real
                  Sicilian Reacts},
  year =	 2022,
  url =		 {https://www.youtube.com/watch?v=Ny7yl_D67ZM},
  urldate =	 {2024-08-15},
}



























@Comment #############################################################
@Comment Polish culture
@Comment #############################################################


@Comment #########################################
@Comment XX and XXI century
@Comment #########################################
