@Comment #############################################################
@Comment #############################################################
@Comment Civilisation and culture, books
@Comment #############################################################
@Comment #############################################################


@Comment #############################################################
@Comment Analysis and reflections on culture
@Comment #############################################################


@book{ Janion-Niesamowita-Slowianszczyzna-Pub-2006,
  author =	 {Maria Janion},
  title =	 {Niesamowita Słowiańszczyzna},
  publisher =	 {Wydawnictwo Literackie},
  address =	 {Kraków},
  year =	 2006,
  edition =	 {II},
}



@book{ Milosz-Ziemia-Urlo-Pub-1982,
  author =	 {Czesław Miłosz},
  title =	 {Ziemia Ulro},
  publisher =	 {Państwowy Instytut Wydawniczy},
  address =	 {Warszawa},
  year =	 1982,
  edition =	 {I},
}



@book{ Oramus-Darwinoskie-paradygmaty-Pub-2015,
  author =	 {Dominika Oramus},
  title =	 {Darwinowskie paradygmaty. Mit teorii ewolucji
                  w~kulturze współczesnej},
  publisher =	 {Copernicus Ceter Press},
  address =	 {Kraków},
  year =	 2015,
  edition =	 {I},
}



@book{ Scruton-Przewodnik-kulturze-nowoczesnej-Pub-2006,
  author =	 {Roger Scruton},
  title =	 {Przewodnik po~kulturze nowoczesnej
                  dla~inteligentnych},
  publisher =	 {Wydawnictwo Thesaurus},
  address =	 {Łódź-Wrocław},
  year =	 2006,
  edition =	 {?},
  note =	 {Tłum. Jerzy Prokopiuk, Jan Przybył},
}










@Comment #############################################################
@Comment Analysis and reflections on West Euroasia culture
@Comment #############################################################



@Comment ##############################################################
@Comment Analysis and reflections on mythology
@Comment ##############################################################



@Comment #############################################################
@Comment Books with proverbs
@Comment #############################################################


@book{ Maslowscy-Przyslowia-innych-narodow-Pub-2003,
  editor =	 {Wybór: Danuta i~Włodzimierz Masłowscy},
  title =	 {Przysłowia innych narodów},
  publisher =	 {Videograf Edukacja},
  address =	 {Katowice},
  year =	 2003,
  edition =	 {I},
  isbn =	 {83-89232-42-1},
}



@book{ Sluszkiewicz-Stiller-Madrosci-z-palmowego-liscia-Pub-1959,
  author =	 {Eugeniusz Słuszkiewicz and Robert Stiller},
  title =	 {Mądrości z~palmowego liścia},
  publisher =	 {Wiedza Powszechna},
  address =	 {Warszawa},
  year =	 1959,
  edition =	 {I},
  series =	 {Myśli srebrne i~złote. Seria Wschodnia},
  note =	 {Sentecje indyjskie i~austronezyjskie},
}








@Comment #############################################################
@Comment Buddhism
@Comment #############################################################


@book{ Lubac-Aspekty-buddyzmu-Pub-1995,
  author =	 {Henri de Lubac},
  title =	 {Aspekty buddyzmu},
  publisher =	 {Znak},
  address =	 {Kraków},
  year =	 1995,
  edition =	 {I},
  series =	 {Teologia żywa},
  note =	 {Tłum. Ireneusz Kania},
}
@Comment Zacząć czytanie od strony 126.










@Comment #############################################################
@Comment CIVILISATION AND CULTURE IN POLAND
@Comment #############################################################


@book{ Wegner-Biesy-sarmackie-Pub-2003,
  author =	 {Jacek Wegner},
  title =	 {Biesy sarmackie},
  publisher =	 {Wydawnictwo von borowiecky},
  address =	 {Warszawa},
  year =	 2003,
  edition =	 {I},
}










@Comment #############################################################
@Comment CIVILISATION AND CULTURE IN XX AND XXI CENTURY
@Comment #############################################################


@book{ Edwards-Amerykanski-konserwatyzm-Pub-2013,
  author =	 {L. Edwards},
  title =	 {Amerykański konserwatyzm. Krótka historia},
  publisher =	 {Wydawnictwo Słowa i Myśli},
  year =	 2013,
  edition =	 {I},
}



@book{ Furedi-Gdzie-sie-podziali-intelektualisci-Pub-2008,
  author =	 {Frank Furedi},
  title =	 {Gdzie~się podziali wszyscy intelektualiści?},
  publisher =	 {Państwowy Instytut Wydawniczy},
  address =	 {Warszawa},
  year =	 2008,
  edition =	 {I},
  note =	 {Tłum. Katarzyna Makaruk},
}



@book{ Golicyn-Nowe-klamstwa,
  author =	 {A. Golicyn},
  title =	 {Nowe kłamstwa w~miejsce starych},
  publisher =	 {Wydawnictwa Antyk~-- Marcin Dybowski},
  address =	 {Komorów},
  year =	 {{}},
  edition =	 {II},
  series =	 {Psychosocjotechnika, manipulacja},
}



@book{ Jameson-Postmodernizm-czyli-logika-kulturowa-ETC-Pub-2017,
  author =	 {Frederic Jameson},
  title =	 {Postmodernism, czyli~logika kulturowa późnego
                  kapitalizmu},
  publisher =	 {Wydawnictwo Uniwersytetu Jagiellońskiego},
  address =	 {Kraków},
  year =	 2017,
  edition =	 {I},
  series =	 {Eidos},
  note =	 {Tłum. Maciej Płaz},
}



@book{ Sokal-Bricmont-Modne-bzdury-Pub-2004,
  author =	 {Alan Sokal and Jean Bricmont},
  title =	 {Modne bzdury. O~nadużywaniu pojęć z~zakresu nauk
                  ścisłych przez postmodernistycznych
                  intelektualistów},
  publisher =	 {Prószyński i~S-ka},
  address =	 {Warszawa},
  year =	 2004,
  edition =	 {II?},
}










@Comment #############################################################
@Comment CULTURE OF EASTERN EUROASIA
@Comment #############################################################


@Comment ###############################
@Comment JAPANES CULTURE
@Comment ###############################


@book{ Anonim-Skauteiki-Zapiski-o-zakladaniu-ogrodow-Pub-2013,
  author =	 {Anonim},
  title =	 {Sakuteiki. Zapiski o~zakładaniu ogrodów},
  publisher =	 {Wydawnictwo Uniwersytetu Jagiellońskiego},
  address =	 {Kraków},
  year =	 2013,
  edition =	 {{I}},
  note =	 {Wstęp, opracowanie i~tłumaczenie Joanna Zakrzewska},
  series =	 {Ex Oriente},
}



@book{ Red-Gotowska-Wosinska-Cool-Japan-Pub-2017,
  editor =	 {Red. Małgorzata Gotowska and Adrianna Wosińska},
  title =	 {Cool Japan. Autoprezentacja Japonii w~popkulturze},
  publisher =	 {Kirin},
  address =	 {Bydgoszcz},
  year =	 2017,
  edition =	 {I},
}



@book{ Melanowicz-Japonski-dramat-telewizyjny-Pub-2009,
  author =	 {Mikołaj Melanowicz},
  title =	 {Japoński dramat telewizyjny},
  publisher =	 {Wydawnictwo Akademickie DIALOG},
  year =	 2009,
  edition =	 {I},
}










@Comment ##############################################################
@Comment GAMES
@Comment ##############################################################


@Comment ###############################
@Comment VIDEO GAMES
@Comment ###############################


@book{ DoveypKennedy-Kultura-gier-komputerowych-Pub-2011,
  author =	 {Jon Dovey and Helen W. Kennedy},
  title =	 {Kultura gier komputerowych},
  publisher =	 {Wydawnictwo Uniwersytetu Jagiellońskiego},
  address =	 {Kraków},
  year =	 2011,
  edition =	 {I},
}



@book{ Kubinski-Gry-wideo-Pub-2016,
  author =	 {Piotr Kubiński},
  title =	 {Gry wideo. Zarys poetyki},
  publisher =	 {Wydawnictwo UNIVERSITAS},
  address =	 {Kraków},
  year =	 2016,
  edition =	 {I},
}










@Comment #############################################################
@Comment HISTORICAL ANALYSIS OF CIVILISATION AND CULTURE
@Comment #############################################################


@book{ Jones-Gwiazda-i-krzyz-Pub-2007,
  author =	 {E. Michael Jones},
  title =	 {Gwiazda i~Krzyż},
  publisher =	 {Wektory},
  year =	 2007,
  edition =	 {I},
}



@book{ Jones-Jalowy-pieniadz-Tom-I-Pub-2015,
  author =	 {Eugen Michael Jones},
  title =	 {Jałowy pieniądz. Historia kapitalizmu jako konfliktu
                  między pracą a~lichwą. Tom~I: Od~Medyceuszy
                  do~Newtona},
  publisher =	 {Wektory},
  address =	 {Wrocław},
  year =	 2015,
  edition =	 {I},
}



@book{ Jones-Libido-dominandi-Pub-2013,
  author =	 {Eugen Michael Jones},
  title =	 {Libido dominandi. Seks jako narzędzie kontroli
                  społecznej},
  publisher =	 {Wektory},
  address =	 {Wrocław},
  year =	 2013,
  edition =	 {I},
  note =	 {Tłum. Jerzy Morka},
}



@book{ Jones-Zdeprawowani-modernisci-Pub-2014,
  author =	 {Eugen Michael Jones},
  title =	 {Zdeprawowani moderniści. Nowoczesność jako
                  usprawiedliwienie seksualnej amoralności},
  publisher =	 {Wektory},
  address =	 {Wrocław},
  year =	 2014,
  edition =	 {I},
  note =	 {Tłum. Jerzy Morka},
}










@Comment #############################################################
@Comment HUMOR
@Comment #############################################################



@Comment ###############################
@Comment Anecdotes
@Comment ###############################


@book{ Maka-Anegdoty-z-mesy-Pub-1987,
  author =	 {Henryk Mąka},
  title =	 {Anegdoty z~mesy},
  publisher =	 {Krajowa Agencja Wydawnicza},
  address =	 {Szczecin},
  year =	 1987,
}










@Comment ###############################
@Comment Jewish humor
@Comment ###############################


@book{ Jawerbaum-Same-cuda-Pub-1992,
  author =	 {Mieczysław Jawerbaum},
  title =	 {Same cuda. Żydowskie dowcipy i~anegdoty},
  publisher =	 {Agencja Renoma},
  address =	 {Warszawa},
  year =	 {1992},
  note =	 {Zebrał i~opracował Mieczysła Jawerbaum},
}



@book{ Safrin-Przy-szabasowych-swiecach-Wieczor-drugi-Pub-1990,
  author =	 {Haracy Safrin},
  title =	 {Przy szabaszowych świecach. Wieczór drugi},
  publisher =	 {Omega},
  address =	 {Warszawa},
  year =	 1990,
  edition =	 {III},
}



@book{ Stiller-Zydzi-na-wesolo-Pub-2004,
  author =	 {Robert Stiller},
  title =	 {Żydzi na~wesoło},
  publisher =	 {vis-a-vis etiuda},
  address =	 {Kraków},
  year =	 2004,
}











@Comment ###############################
@Comment Polish humor
@Comment ###############################


@book{ Kwiatkowski-Szeptanka-Pub-1990,
  author =	 {Tadeusz Kwiatkowski},
  title =	 {Szeptanka},
  publisher =	 {Oficyna Cracovia},
  address =	 {Kraków},
  year =	 1990,
  edition =	 {I},
}



@book{ Praca-zbiorowa-Dowcipy-goralski-Pub-1992,
  author =	 {Praca zbiorowa},
  title =	 {Dowcipy góralskie. Część~1},
  publisher =	 {Laser-Graf},
  address =	 {Lublin},
  year =	 1992,
}
@Comment Miesięcznik listopad 1992



@book{ Praca-zbiorowa-Najlepsze-polskie-dowcipy-Czesc-II-Pub-1990,
  author =	 {Praca zbiorowa},
  title =	 {Najlepsze polskie dowcipy. Część~II},
  publisher =	 {Oficyna Literatów „Novex”},
  address =	 {Koszalin},
  year =	 1993,
  note =	 {Wybór ilustracji autorstwa Henryka Sawki},
}



@book{ Praca-zbiorowa-Roj-zartow-Vol-I-Pub-1993,
  author =	 {Praca zbiorowa},
  title =	 {Rój żartów 1},
  publisher =	 {Oficyna Literatów „Rój”},
  address =	 {Warszawa},
  year =	 1993,
}



@book{ Trzaska-Klub-Maszkatalskiego-Drugi-tysiac-dowcipow-Pub-1990,
  author =	 {Aleksander Trzaska},
  title =	 {Klub Maszkatalskiego. Drugi tysiąc dowcipów},
  publisher =	 {Krajowa Agencja Wydawnicza},
  address =	 {Katowice},
  year =	 1990,
  edition =	 {I},
  note =	 {Zebrał, opracował i~wstępem opatrzył Aleksander
                  Trzaska},
}










@Comment ##############################################################
@Comment Mythology
@Comment ##############################################################


@book{ Krawczuk-Mitologia-starozytnej-Italii-Pub-1981,
  author =	 {Aleksander Krawczuk},
  title =	 {Mitologia starożytnej Italii},
  publisher =	 {Wydawnictwa Artystyczne i~Filmowe},
  address =	 {Warszawa},
  year =	 1984,
  edition =	 {II},
  isbn =	 {83-221-0119-8},
  series =	 {Mitologie świata},
}



@book{ Kubiak-Mitologia-Greków-i-Rzymian-Pub-1997,
  author =	 {Zygmunt Kubiak},
  title =	 {Mitologia Greków i~Rzymian},
  publisher =	 {Świat Książki},
  address =	 {Warszawa},
  year =	 1997,
  isbn =	 {83-7129-585-5},
}



@book{ Kunstler-Mitologia-chinska-Pub-1981,
  author =	 {Mieczysław J. K\"{u}nstler},
  title =	 {Mitologia chińska},
  publisher =	 {Wydawnictwa Artystyczne i~Filmowe},
  address =	 {Warszawa},
  year =	 1981,
  edition =	 {II},
  series =	 {Mitologie świata},
}
@Comment Popraw numer wydania



@book{ Lyczkowska-Szarzynska-Mitologia-Mezopotamii-Pub-1981,
  author =	 {Krystyna Łyczkowska and Krystyna Szarzyńska},
  title =	 {Mitologia Mezopotamii},
  publisher =	 {Wydawnictwa Artystyczne i~Filmowe},
  address =	 {Warszawa},
  year =	 1981,
  edition =	 {I},
  series =	 {Mitologie świata},
}



@book{ Piekarczyk-Mitologia-germanska-Pub-1979,
  author =	 {Stanisława Piekarczyk},
  title =	 {Mitologia germańska},
  publisher =	 {Wydawnictwa Artystyczne i~Filmowe},
  address =	 {Warszawa},
  year =	 1979,
  edition =	 {I},
}



@book{ Piekarczyk-Mitologia-germańska-Pub-1979,
  author =	 {Stanisława Piekarczyk},
  title =	 {Mitologia Germańska},
  publisher =	 {Wydawnictwa Artystyczne i~Filmowe},
  address =	 {Warszawa},
  year =	 1979,
  edition =	 {I},
}



@book{ Pietrzykowski-Mitologia-starozytnej-Grecji-Pub-1985,
  author =	 {Michał Pietrzykowski},
  title =	 {Mitologia starożytnej Grecji},
  publisher =	 {Wydawnictwa Artystyczne i~Filmowe},
  address =	 {Warszawa},
  year =	 1985,
  edition =	 {IV},
  series =	 {Mitologie świata},
}



@book{ Tubielewicz-Mitologia-Japonii-Pub-1980,
  author =	 {Jolanta Tubielewicz},
  title =	 {Mitologia Japonii},
  publisher =	 {Wydawnictwa Artystyczne i~Filmowe},
  address =	 {Warszawa},
  year =	 1980,
  edition =	 {II},
  series =	 {Mitologie świata},
}










@Comment #############################################################
@Comment SOCIAL SCIENCES
@Comment #############################################################



@Comment ###############################
@Comment ANTHROPOLOGY
@Comment ###############################


@book{ LeviStrauss-Surowe-i-gotowane-Pub-2010,
  author =	 {Claude Levi-Strauss},
  title =	 {Surowe i gotowane},
  publisher =	 {Aletheia},
  year =	 2010,
}



@book{ Malinowski-Dziela-Tom-I-Pub-1984,
  author =	 {Bronisław Malinowski},
  title =	 {Dzieła. Tom I: Wierzenia pierwotne i formy ustroju
                  społecznego, O zasadzie ekonomi myślenia},
  publisher =	 {Państwowe Wydawnictwo Naukowe},
  year =	 1984,
  edition =	 {II},
}










@Comment ###############################
@Comment SOCIOLOGY
@Comment ###############################


@book{ Altermatt-Katolicyzm-a-nowoczesny-swiat-Pub-1995,
  author =	 {U. Altermatt},
  title =	 {Katolicyzm a~Nowoczesny Świat},
  publisher =	 {Wydawnictwo Znak},
  address =	 {Kraków},
  year =	 1995,
  edition =	 {I},
}



@book{ Edensor-Tozsamosc-narodowa-kultura-popularna-ETC-Pub-2004,
  author =	 {Tim Edensor},
  title =	 {Tożsamość narodowa, kultura popularna i~życie
                  codzienne},
  publisher =	 {Wydawnictwo Uniwersytetu Jagiellońskiego},
  address =	 {Kraków},
  year =	 2004,
  edition =	 {I},
  series =	 {Cultura},
}



@book{ Hendry-Japonczycy-Pub-2013,
  author =	 {Joy Hendry},
  title =	 {Japończycy. Kultura i~społeczeństwo},
  publisher =	 {Wydawnictwo Uniwersytetu Jagiellońskiego},
  address =	 {Kraków},
  year =	 2013,
  edition =	 {{I}},
  note =	 {Tłum. Tomasz Tesznar},
  series =	 {Ex Oriente},
}










@Comment ###############################
@Comment MARXIST/COMMUNIST SOCIOLOGY
@Comment ###############################


@book{ Czarnota-Wajda-Zybertowicz-Interdyscyplinarne-ETC-Tom-I-Pub-1989,
  editor =	 {Adam Czarnota, Kazimierz
                  Wajda, Andrzej Zybertowicz},
  title =	 {Interdyscyplinarne studia nad genezą kapitalizmu.
                  Tom~I. Interpretacje: prezentacje i~krytyka},
  publisher =	 {Uniwersytet Mikołaja Kopernika w~Trouniu},
  address =	 {Toruń},
  year =	 1989,
  edition =	 {I},
  series =	 {Acta Universitatis Nicolai Copernici},
}










@Comment #############################################################
@Comment CIVILISATION AND CULTURE IN XIX AND XX CENTURY
@Comment #############################################################


@book{ Krasnodebski-Postrmoderinstyczne-rozterki-kultury-Pub-1996,
  author =	 {Zdzisław Krasnodębski},
  title =	 {Postmodernistyczne rozterki kultury},
  publisher =	 {Oficyna Naukowa},
  address =	 {Warszawa},
  year =	 1996,
  edition =	 {I},
  series =	 {Terminus},
  volume =	 8,
}










@Comment #############################################################
@Comment CIVILISATION AND CULTURE IN XX AND XXI CENTURY
@Comment #############################################################


@book{ McGrath-McGrath-Bog-nie-jest-urojeniem,
  author =	 {Alister McGrath and Joanna Collicuttt McGrath},
  title =	 {Bóg nie jest urojeniem. Złudzenie Dawkinsa},
  publisher =	 {WAM},
  series =	 {Wiara i~Nauka},
  edition =	 {II?},
}










@Comment #############################################################
@Comment POLITICS AND CULTURE
@Comment #############################################################



@Comment ###############################
@Comment POLITICS AND CULTURE OF JEWS AFTER 1933
@Comment ###############################


@book{ Zertal-Narod-i-smierc-Pub-2010,
  author =	 {Idith Zetal},
  title =	 {Naród i~śmierć. Zagłada w~dyskursie i~polityce
                  Izraela},
  publisher =	 {Univeristas},
  address =	 {Kraków},
  year =	 2010,
  edition =	 {I},
  note =	 {Tłum. Jan Maria Kłoczowski},
  series =	 {Poleca Adam Michnik},
}










@Comment #############################################################
@Comment SUSPICIOUS WORKS
@Comment #############################################################