@Comment #############################################################
@Comment #############################################################
@Comment Psyche and medicine. Books
@Comment #############################################################
@Comment #############################################################



@Comment ##############################################################
@Comment Autism
@Comment ##############################################################


@book{ Silberman-Autyzm-Pub-2024,
  author =	 {Steve Silberman},
  title =	 {Autyzm. Historia geniuszu natury i~różnorodności
                  neurologicznej},
  publisher =	 {Grupa Wydawnictwo Kobiece},
  address =	 {Białystok},
  year =	 2024,
  edition =	 {IV},
  isbn =	 {978-83-8371-152-2},
  note =	 {Tłum. Bartłomiej Kotarski},
}










@Comment ##############################################################
@Comment Psyche issues
@Comment ##############################################################


@book{ Petitcollin-Jak-mniej-myslce-Pub-2021,
  author =	 {Christel Petitcollin},
  title =	 {Jak mniej myśleć. Dla analizujacych bez końca
                  i~wysoko wrażliwych},
  publisher =	 {Feeria},
  address =	 {Łódź},
  year =	 2021,
  edition =	 {I},
  note =	 {Przekład: Krystyna Arustowicz},
}










@Comment ##############################################################
@Comment Sex
@Comment ##############################################################


@book{ Lew-Starowicz-Bialy-Spelniona-Czego-pragna-kobiety-Pub-2023,
  author =	 {Michał Lew-Starowicz and Beata Biały},
  title =	 {Spełniona. Czego pragną kobiety?},
  publisher =	 {Dom Wydawniczy REBIS Sp. z~o.o.},
  address =	 {Poznań},
  year =	 2021,
  edition =	 {I},
  isbn =	 {978-83-8188-018-6},
}










@Comment ##############################################################
@Comment Very simple books about medicine
@Comment ##############################################################


@book{ Kempisty-Jeznach-Chorzy-ze-stresu-Pub-2021,
  author =	 {Ewa Kempisty-Jeznach},
  title =	 {Chorzy ze stresu. Problemy psychosomatyczne},
  publisher =	 {Prószyński i~S-ka},
  address =	 {Warszawa},
  year =	 2021,
  edition =	 {I},
}
