@Comment #############################################################
@Comment #############################################################
@Comment Psyche and medicine. Netography
@Comment #############################################################
@Comment #############################################################



@Comment ##############################################################
@Comment 2024 year
@Comment ##############################################################


@online{ Kaylebb-How-YOU-can-tell-if-ANYONE-is-on-STERODIS-Ver-2024,
  author =	 {Joshua Kaylebb},
  title =	 {How YOU can tell if ANYONE is on STEROIDS!},
  year =	 2024,
  url =		 {https://www.youtube.com/watch?v=cNw2Q3yi7Ao},
  urldate =	 {2025-08-21},
}










@Comment ##############################################################
@Comment 2025 year
@Comment ##############################################################


@online{ AW-Why-Do-Steroid-Users-Look-So-Old-Ver-2025,
  author =	 {Aesthetics Waiting},
  title =	 {Why Do Steroid Users Look So Old?},
  year =	 2025,
  url =		 {https://www.youtube.com/watch?v=8vuw6Sr7DLo},
  urldate =	 {2025-08-21},
}
