@book{ Graham-Knuth-Patashnik-Matematyka-Konkretna-Pub-2012,
  author =	 {Ronald L. Graham and Donald E. Knuth and Oren
                  Patashink},
  title =	 {Matematyka konkretna},
  publisher =	 {Wydawnictwo Naukowe PWN},
  address =	 {Warszawa},
  year =	 2012,
  edition =	 {IV~-- 5~dodruk},
  isbn =	 {978-83-01-14764-8},
  note =	 {Z~jęzka angielskiego przełożyli P.~Chrząstowski,
                  A~.Czumaj, L.~Gąsieniec, M.~Raczunas},
}