@Comment #############################################################
@Comment #############################################################
@Comment Technology. Netography
@Comment #############################################################
@Comment #############################################################



@Comment #############################################################
@Comment
@Comment #############################################################


@online{ -arithmetics-Ver-2024,
  author =	 {},
  title =	 {?},
  year =	 2024,
  url =		 {},
  urldate =	 {04-VIII-2024},
}









@Comment #############################################################
@Comment Drawning
@Comment #############################################################



@Comment ###############################
@Comment
@Comment ###############################


@online{ -ETC-2021,
  author =	 {},
  title =	 {},
  year =	 2021,
  url =		 {},
  urldate =	 {09-VIII-2024},
  note =	 {Sam Sanders},
}













@Comment #############################################################
@Comment
@Comment #############################################################
