@Comment #############################################################
@Comment #############################################################
@Comment #############################################################
@Comment GREAT WORKS OF SCIENCE: BOOKS
@Comment #############################################################
@Comment #############################################################
@Comment #############################################################



@book{ NewtonMatematyczneZasadyFilozofiiPrzyrody2011,
  author =	 {Isaac Newton},
  title =	 {Matematyczne zasady filozofii przyrody},
  publisher =	 {Copernicus Center Press},
  address =	 {Kraków},
  year =	 2011,
  edition =	 {I},
}










@Comment #############################################################
@Comment #############################################################
@Comment #############################################################
@Comment PHYSICS: BOOKS
@Comment #############################################################
@Comment #############################################################
@Comment #############################################################


@Comment #############################################################
@Comment #############################################################
@Comment INTRODUCTINS TO PHYSICS: BOOKS
@Comment #############################################################
@Comment #############################################################


@book{ FeynmanEtAlWykladyZFizykiVolI2004,
  author =	 {Richard P. Feynman and Robert B. Leighton and
                  Matthew Sands},
  title =	 {Feynman wykłady z~fizyki. Tom~I: Mechanika,
                  szczególna teoria względności},
  publisher =	 {Wydawnictwo Naukowe PWN},
  address =	 {Warszawa},
  year =	 2004,
  volume =	 {I},
  edition =	 {V, 1 dodruk},
}



@book{ JedrzejewskiKruczekKujawskiZbiorZadanZFizykiETC1973,
  author =	 {J. Jędrzejewski and W. Kruczek and A. Kujawski},
  title =	 {Zbiór zadań z~fizyki dla kandydatów na~wyższe
                  uczelnie techniczne},
  publisher =	 {Wydawnictwo Naukowo-Techniczne},
  address =	 {Warszawa},
  year =	 1973,
  edition =	 {I},
}










@Comment #############################################################
@Comment #############################################################
@Comment NEWTONIAN MECHANICS: BOOKS
@Comment #############################################################
@Comment #############################################################


@book{ KittelKnightRudermanMechanika1975,
  author =	 {C. Kittel, W. D. Knight and M. A. Ruderman},
  title =	 {Mechanika},
  publisher =	 {Państwowe Wydawnictwo Naukowe},
  adress =	 {Warszawa},
  year =	 1975,
  edition =	 {III},
}



@book{ SiutaMechanikaTechniczna,
  author =	 {W. Siuta},
  title =	 {Mechanika techniczna},
  publisher =	 {Wydawnictwo Szkolne i~Pedagogiczne},
  year =	 {{}},
  edition =	 {XXVII},
}



@book{ SkalmierskiMechanika1977,
  author =	 {Bogdan Skalmierski},
  title =	 {Mechanika},
  publisher =	 {Państwowe Wydawnictwo Naukowe},
  year =	 1977,
  edition =	 {I},
}



@book{ SkalmierskiMechanikaZWytrzymalosciaMaterialow1983,
  author =	 {Bogdan Skalmierski},
  title =	 {Mechanika z~wytrzymałością materiałów},
  publisher =	 {Państwowe Wydawnictwo Naukowe},
  address =	 {Warszawa},
  year =	 1983,
  edition =	 {II, zmienione},
}



@book{ SkalmierskiPodstawyMechanikiKlasycznejTomI1998,
  author =	 {Bogdan Skalmierski},
  title =	 {Mechanika. Tom~1: Podstawy mechaniki klasycznej},
  publisher =	 {Wydawnictwo Politechniki Częstochowskiej},
  year =	 1998,
  edition =	 {I},
}










@Comment #############################################################
@Comment THEORETICAL MECHANICS
@Comment #############################################################


@book{ ArnoldMetodyMatematyczneMechanikiKlasycznej1981,
  author =	 {Władimir Igoriewicz Arnold},
  title =	 {Metody matematyczne mechaniki klasycznej},
  publisher =	 {Państwowe Wydawnictwo Naukowe},
  address =	 {Warszawa},
  year =	 1981,
  edition =	 {I},
  note =	 {Tłum. Piotr Kucharczyk},
}



@book{ IngardenJamiolkowskiMechanikaKlasyczna1980,
  author =	 {R. S. Ingarden and A. Jamiołkowski},
  title =	 {Mechanika klasyczna},
  publisher =	 {Państwowe Wydawnictwo Naukowe},
  address =	 {Warszawa -- Poznań},
  year =	 1980,
  edition =	 {I},
}



@book{ KotkinSerboZbiorZadanZMechanikiKlasycznej1972,
  author =	 {G. L. Kotkin and W. G. Serbo},
  title =	 {Zbiór zadań z~mechaniki klasycznej},
  publisher =	 {Wydawnictwo Naukowo-Techniczne},
  address =	 {Warszawa},
  year =	 1972,
  edition =	 {I},
}



@book{ LandauLifszycMechanika2006,
  author =	 {L. D. Landau and J. M. Lifszyc},
  title =	 {Mechanika},
  publisher =	 {Wydawnictwo Naukowe PWN},
  address =	 {Warszawa},
  year =	 2006,
  edition =	 {IV},
}



@book{ NejmarkFufajewDynamikaUkladowNieholonomicznych1971,
  author =	 {J. I. Nejmark and N. A. Fufajew},
  title =	 {Dynamika układów nieholonomicznych},
  publisher =	 {Państwowe Wydawnictwo Naukowe},
  address =	 {Warszawa},
  year =	 1971,
  edition =	 {I},
}










@Comment #############################################################
@Comment #############################################################
@Comment THERMOSTATIC, THERMODYNAMICS AND STATISTICAL MECHANICS: BOOKS
@Comment #############################################################
@Comment #############################################################


@book{ WerleTermodynamikaFenomenologiczna1957,
  author =	 {Józef Werle},
  title =	 {Termodynamika fenomenologiczna},
  publisher =	 {Państwowe Wydawnictwo Naukowe},
  address =	 {Warszawa},
  year =	 1957,
  edition =	 {I},
}



@book{ WaleckaIntroductionToStatisticalMechanics2011,
  author =	 {John Dirk Walecka},
  title =	 {Introduction to~Statistical Mechanics},
  publisher =	 {World Scientific},
  address =	 {New Jersey, London, Singapore, Beijing, Shanghai,
                  Honk Kong, Taipei, Chennai},
  year =	 2011,
  edition =	 {I},
}










@Comment #############################################################
@Comment #############################################################
@Comment OPTICS: BOOKS
@Comment #############################################################
@Comment #############################################################


@book{ MeyerArdentWstepDoOptyki1977,
  author =	 {J. R. Meyer-Ardent},
  title =	 {Wstęp do~optyki},
  publisher =	 {Państwowe Wydawnictwo Naukowe},
  address =	 {Warszawa},
  year =	 1977,
  edition =	 {I},
}










@Comment #############################################################
@Comment #############################################################
@Comment QUANTUM MECHANICS: BOOKS
@Comment #############################################################
@Comment #############################################################


@book{ HaagLocalQuantumPhysics1996,
  author =	 {Rudolf Haag},
  title =	 {Local Quantum Physics. Field, Particles, Algebras},
  publisher =	 {Springer},
  address =	 {Berlin, Heidelberg, New York, Barcelona, Budapest
                  Hong Kong, London, Milan, Paris, Santa Clara,
                  Singapore, Tokyo},
  year =	 1996,
  edition =	 {Second Revised and~Enlarged Edition},
}



@book{ GrabowskiIngardenMechanikaKwantowa1987,
  author =	 {M. Grabowski and R. S. Ingarden},
  title =	 {Mechanika kwantowa. Ujęcie w~przestrzeni Hilberta},
  publisher =	 {Państwowe Wydawnictwo Naukowe},
  address =	 {Warszawa},
  year =	 1987,
  edition =	 {I},
}



@book{ KleinertPathIntegrals2006,
  author =	 {Hagen Kleinert},
  title =	 {Path Integrals in~Quantuma Mechanics, Statistics,
                  Polymer Physics and Financial Markets},
  publisher =	 {Word Scientific Publishing Co.},
  year =	 2006,
  edition =	 {IV},
}



@book{ SchiffMechanikaKwantowa1987,
  author =	 {Leonard I. Schiff},
  title =	 {Mechanika kwantowa},
  publisher =	 {Państwowe Wydawnictwo Naukowe},
  address =	 {Warszawa},
  year =	 1987,
  edition =	 {II},
}



@book{ ShankarMechanikaKwantowa2006,
  author =	 {R. Shankar},
  title =	 {Mechanika kwantowa},
  publisher =	 {Wydawnictwo Naukowe PWN},
  address =	 {Warszawa},
  year =	 2006,
  edition =	 {I},
}



@book{ TaylorScatteringTheory1972,
  author =	 {John R.~Taylor},
  title =	 {Scattering Theory: The~Quantum Theory
		  on~Nonrelativistic Collsions},
  publisher =	 {John Wiley \&~Sons,~Inc.},
  address =	 {New York, London, Sydney, Toronto},
  year =	 1972,
}










@Comment #############################################################
@Comment QUANTUM INFORMATICS
@Comment #############################################################


@book{ FeynmanWykladyOObliczeniach2007,
  author =	 {Richard P.~Feynman},
  title =	 {Wykłady o~obliczeniach},
  publisher =	 {Prószyński i~S-ka~SA},
  series =	 {Feynmana wykłady z~fizyki},
  address =	 {Warszawa},
  year =	 2007,
  edition =	 {I},
}










@Comment #############################################################
@Comment #############################################################
@Comment MAXWELLIAN ELECTRODYNAMICS: BOOKS
@Comment #############################################################
@Comment #############################################################


@book{ GriffitsPodstawyElektrodynamiki2001,
  author =	 {D. J. Griffits},
  title =	 {Podstawy elektrodynamiki},
  publisher =	 {Wydawnictwo Naukowe PWN},
  address =	 {Warszawa},
  year =	 2001,
  edition =	 {I},
}



@book{ JacksonElektrodynamikaKlasyczna1987,
  author =	 {J. D. Jackson},
  title =	 {Elektrodynamika klasyczna},
  publisher =	 {Państwowe Wydawnictwo Naukowe},
  address =	 {Warszawa},
  year =	 1987,
  edition =	 {II},
}



@book{ RohrlichKlasycznaTeoriaCzastekNaladowanych1981,
  author =	 {Fritz Rohrlich},
  title =	 {Klasyczna teoria cząstek naładowanych},
  publisher =	 {Państwowe Wydawnictwo Naukowe},
  address =	 {Warszawa},
  year =	 1981,
  edition =	 {I},
}










@Comment #############################################################
@Comment #############################################################
@Comment CONDENSED MATTER PHYSICS: BOOKS
@Comment #############################################################
@Comment #############################################################


@book{ IbachLuthFizykaCialaStalego1996,
  author =	 {H. Ibach and H. L{\"{u}}th},
  title =	 {Fizyka ciała stałego},
  publisher =	 {Wydawnictwo Naukowe PWN},
  address =	 {Warszawa},
  year =	 1996,
  edition =	 {I},
}



@book{ KittelWstepDoFizykiCialaStalego1976,
  author =	 {C. Kittel},
  title =	 {Wstęp do fizyki ciała stałego},
  publisher =	 {Państwowe Wydawnictwo Naukowe},
  address =	 {Warszawa},
  year =	 1976,
  edition =	 {IV},
}



@book{ SchriefferTheorySuperconductivity1964,
  author =	 {John Robert Schrieffer},
  title =	 {Theory of Superconductivity},
  publisher =	 {W. A. Benjamin, INC.},
  year =	 1964,
  edition =	 {I},
}



@book{ SpalekWstepDoFizykiMateriiSkondensowanej2015,
  author =	 {Józef Spałek},
  title =	 {Wstęp do~fizyki materii skondensowanej},
  publisher =	 {Wydawnictwo Naukowe PWN},
  address =	 {Warszawa},
  year =	 2015,
  edition =	 {I},
}










@Comment #############################################################
@Comment #############################################################
@Comment HYDRODYNAMICS: BOOKS
@Comment #############################################################
@Comment #############################################################


@book{ LandauLifszycHydrodynamika1994,
  author =	 {L. D. Landau and E. M. Lifszyc},
  title =	 {Hydrodynamika},
  publisher =	 {Wydawnictwo Naukowe PWN},
  address =	 {Warszawa},
  year =	 1994,
  edition =	 {I},
}










@Comment #############################################################
@Comment #############################################################
@Comment NUCLEAR PHYSICS: BOOKS
@Comment #############################################################
@Comment #############################################################


@book{ StrzalkowskiWstepDoFizykiJadraAtomowego1997,
  author =	 {Adam Strzałkowski},
  title =	 {Wstęp do~fizyki jądra atomowego},
  publisher =	 {Państwowe Wydawnictwo Naukowe},
  address =	 {Warszawa},
  year =	 1979,
  edition =	 {III},
  series =	 {Biblioteka Fizyki},
  volume =	 5,
}










@Comment #############################################################
@Comment #############################################################
@Comment STATYSTICAL MECHANICS: BOOKS
@Comment #############################################################
@Comment #############################################################


@book{ HuangMechanikaStatystyczna1987,
  author =	 {Kerson Huang},
  title =	 {Mechanika statystyczna},
  publisher =	 {Państwowe Wydawnictwo Naukowe},
  address =	 {Warszawa},
  year =	 1987,
  edition =	 {II},
}










@Comment #############################################################
@Comment #############################################################
@Comment GENERAL RELATIVITY: BOOKS
@Comment #############################################################
@Comment #############################################################


@booklet{ CarrollLectureNotesGR1997,
  author =	 {S. M. Carroll},
  title =	 {{Lecture Notes on General Relativity}},
  howpublished = {arXiv:gr-qc/9712019},
  year =	 1997,
}



@book{ HawkingEllisLargeScaleStructureOfSpaceTime1973,
  author =	 {Stephen William Hawking, George Francis Rayner
                  Ellis},
  title =	 {The~Large Scale Structure~of Space-Time},
  publisher =	 {Cambridge University Press},
  year =	 1973,
}



@book{ KopczynskiTrautmanCzasoprzetrzenIGrawitacja1984,
  author =	 {Wojciech Kopczyński and Andrzej Trautman},
  title =	 {Czasoprzestrzeń i~grawitacja},
  publisher =	 {Państwowe Wydawnictwo Naukowe},
  address =	 {Warszawa},
  year =	 1984,
  edition =	 {II},
}



@book{ SchutzWstepDoOgolnejTeoriiWzglednosci2002,
  author =	 {B. F. Schutz},
  title =	 {Wstęp do~ogólnej teorii względności},
  publisher =	 {Wydawnictwo Naukowe PWN},
  address =	 {Warszawa},
  year =	 2002,
  edition =	 {II},
}










@Comment #############################################################
@Comment #############################################################
@Comment QFT: BOOKS
@Comment #############################################################
@Comment #############################################################


@book{ ArodzHadaszFieldTheory2010,
  author =	 {Henryk Arodź and Leszek Hadasz},
  title =	 {Lectures on~Cassical and~Quantum Theory~of Fields},
  publisher =	 {Springer},
  address =	 {Heidelberg, Dordrecht, London, New York},
  year =	 2010,
  edition =	 {I},
}



@book{ BogoliubovShirkovIntroductionToTheoryOfQuantiezedFields1959,
  author =	 {Nikolay Nikolayevich Bogoliubov and Dmitr Vasilevich
                  Shirkov},
  title =	 {Introduction to~the~theory~of quantized fields},
  publisher =	 {New York : Interscience Publishers, Inc.},
  year =	 1959,
  edition =	 {I},
}



@book{ BieresteckiLifszycPitajewskiElektordynamikaKwantowa2011,
  author =	 {W. B. Bierestecki and J. M. Lifszyc and L. P.
                  Pitajewski},
  title =	 {Elektrodynamika kwantowa},
  publisher =	 {Wydawnictwo Naukowe PWN},
  address =	 {Warszawa},
  year =	 2011,
  edition =	 {II -- zmienione},
}



@book{ PeskinSchroederIntroductionToQuantumFieldTheory1995,
  author =	 {M. E. Peskin and D. V. Schroeder},
  title =	 {An~Introduction to~Quantum Field Theory},
  publisher =	 {Westview Press},
  year =	 1995,
  edition =	 {I},
}



@book{ RadovanovicKwantowaTeoriaPolaWZadaniach2008,
  author =	 {V. Radovanović},
  title =	 {Kwantowa teoria pola w~zadaniach},
  publisher =	 {Wydawnictwo Naukowe PWN},
  address =	 {Warszawa},
  year =	 2008,
  edition =	 {I},
}



@book{ SchewberAnIntroductionToRelativisticQuantumFieldTheory2005,
  author =	 {Silvan S.~Schweber},
  title =	 {An~Introduction to Relativistic Quantum Field
                  Theory},
  publisher =	 {Dover Publications, Inc.},
  address =	 {Mineola, New York},
  year =	 2005,
  edition =	 {I},
}



@book{ WeinbergTeoriaPolKwantowychPodstawy2012,
  author =	 {Steven Weinberg},
  title =	 {Teoria pól kwantowych. Podstawy},
  publisher =	 {Wydawnictwo Naukowe PWN},
  address =	 {Warszawa},
  year =	 2012,
  edition =	 {I~-- 1~dodruk},
  volume =	 {I},
}



@book{ WeinbergTeoriaPolKwantowychNowoczesneZastosowania1999,
  author =	 {Steven Weinberg},
  title =	 {Teoria pól kwantowych. Nowoczesne zastosowania},
  publisher =	 {Wydawnictwo Naukowe PWN},
  address =	 {Warszawa},
  year =	 1999,
  edition =	 {I},
  volume =	 {II},
}










@Comment #############################################################
@Comment CASIMIR EFFECT: BOOKS
@Comment #############################################################


@book{ DalvitAtElCasimirPhysics2011,
  author =	 {Diego Dalvit and Peter Milonni and David Roberts and
                  Felipe Rosa},
  title =	 {Casimir Physics},
  publisher =	 {Springer},
  address =	 {Heidelberg, Dordrecht, London, New York},
  year =	 2011,
}










@Comment #############################################################
@Comment #############################################################
@Comment STRING THEORY: BOOKS
@Comment #############################################################
@Comment #############################################################


@book{ GreenSchwarzWittenSuperstringTheoryVolI1987,
  author =	 {M. B. Green, J. H. Schwarz, E. Witten},
  title =	 {Superstring Theory. Volume 1: Introduction},
  publisher =	 {Cambridge University Press},
  year =	 1987,
}










@Comment #############################################################
@Comment #############################################################
@Comment MATHEMATICAL PHYSICS
@Comment #############################################################
@Comment #############################################################


@book{ ArnoldKhesinTopologicalMethodsHydrodanamics1998,
  author =	 {Vladimir I.~Arnold and Boris A.~Khesin},
  title =	 {Topological Methods in~Hydrodynamics},
  publisher =	 {Springer},
  address =	 {New York, Berlin, Heidelberg, Barcelona, Hong Kong,
                  London, Milan, Paris, Singapore, Tokyo},
  year =	 1998,
  seriess =	 {Applied Mathematical Sciences},
  volume =	 125,
}



@book{ CourantHilbertMethodOfMathematicalPhysics1953,
  author =	 {Richard Courant and David Hilbert},
  title =	 {Methods~of Mathematical Physics},
  publisher =	 {Interscience Publishers, INC.},
  address =	 {New York},
  year =	 1953,
}



@book{ GlimmJaffeQuantumPhysicsAFunctinalPointOfView1981,
  author =	 {J. Glimm and A. Jaffe},
  title =	 {Quantum Physics. A Functional Point of View},
  publisher =	 {Springer},
  address =	 {New York Heidelberg Berlin},
  year =	 1981,
}



@book{ StreaterWightmanPCT2000,
  author =	 {Raymond F. Streater and Arthur S. Wightman},
  title =	 {PCT, Spin and~Statistic, and~All That},
  publisher =	 {Princton Univeristy Press},
  address =	 {Princton and~Oxford},
  year =	 2015,
  edition =	 {IV},
}



@book{ MitterPittnerRecentDevelopmentsInMathematicalPhysics1987,
  author =	 {Editors: H. Mitter and L. Pittner},
  title =	 {Recent Developments in~Mathematical Physics},
  publisher =	 {Springer-Verlang},
  address =	 {Berlin, Heidelberg, New York, London, Paris, Tokyo},
  year =	 1987,
  edition =	 {I},
}



@book{ ThirringFizykaMatematycznaTomI1985,
  author =	 {Walter Thirring},
  title =	 {Fizyka matematyczna. Tom~I: Klasyczne układy
                  dynamiczne},
  publisher =	 {Państwowe Wydawnictwo Naukowe},
  address =	 {Warszawa},
  year =	 1985,
  edition =	 {I},
  volume =	 {I},
}



@book{ ThirringFizykaMatematycznaTomII1985,
  author =	 {Walter Thirring},
  title =	 {Fizyka matematyczna. Tom~II: Klasyczna teoria
		  pola},
  publisher =	 {Państwowe Wydawnictwo Naukowe},
  address =	 {Warszawa},
  year =	 1985,
  volume =	 {II},
  edition =	 {I},
}



@book{ ThirringFizykaMatematycznaTomIII1986,
  author =	 {Walter Thirring},
  title =	 {Fizyka matematyczna. Tom~III: Mechanika kwantowa
                  atomów i~cząstek},
  publisher =	 {Państwowe Wydawnictwo Naukowe},
  address =	 {Warszawa},
  year =	 1986,
  volume =	 {III},
  edition =	 {I},
}



@book{ ThirringFizykaMatematycznaTomIV1987,
  author =	 {Walter Thirring},
  title =	 {Fizyka matematyczna. Tom~IV: Mechanika kwantowa
		  wielkich układów},
  publisher =	 {Państwowe Wydawnictwo Naukowe},
  address =	 {Warszawa},
  year =	 1987,
  volume =	 {IV},
  edition =	 {I},
}



@book{ BicadzeKaliniczenkoZbiorZadanZRownaniaFizykiMatematycznej1984,
  author =	 {A. W. Bicadze and D. F. Kaliniczenko},
  title =	 {Zbiór zadań z równań fizyki matematycznej},
  publisher =	 {Państwowe Wydawnictwo Naukowe},
  address =	 {Warszawa},
  year =	 1984,
  edition =	 {I},
}










@Comment #############################################################
@Comment MATHEMATICAL NEWTONIAN MECHANICS
@Comment #############################################################










@Comment #############################################################
@Comment MATHEMATICAL QUANTUM MECHANICS
@Comment #############################################################


@book{ AlbeverioEtAlSolvableModelsInQM1988,
  author =	 {Sergio Albeverio and Friedrich Gesztesy and Raphael
                  H{\o}egh-Krohn and Helge Holden},
  title =	 {Solvable Models in~Quantum Mechanics},
  publisher =	 {Springer},
  address =	 {New York, Berlin, Heidelberg, London, Paris, Tokyo},
  year =	 1988,
  series =	 {Texts and~Monographs in~Physics},
}










@Comment #############################################################
@Comment MATHEMATICAL QFT
@Comment #############################################################


@book{ PaugamTowardsMathematicsOfQFT2014,
  author =	 {Fr\acute{e}d\acute{e}ric Paugam},
  title =	 {Towards the~Mathematics~of Quantum Field Theory},
  publisher =	 {Springer},
  address =	 {Cham, Heidelberg, New York, Dordrecht, London},
  year =	 2014,
  edition =	 {I},
}



@book{ SteinmannPerturbativeQEDAndAxiomaticFieldTheory2000,
  author =	 {Othmar Steinmann},
  title =	 {Perturbative Quantum Electrodynamics and~Axiomatic
                  Field Theory},
  publisher =	 {Springer},
  address =	 {Berlin, Heidelberg},
  year =	 2000,
  edition =	 {I},
}










@Comment #############################################################
@Comment #############################################################
@Comment #############################################################
@Comment BIOLOGY
@Comment #############################################################
@Comment #############################################################
@Comment #############################################################


@book{ KrzanowskaEtALZarysMechanizmowEwolucji2002,
  author =	 {H. Krzanowska and A. Łomnicki and J. Rafiński and H.
                  Szarski and J. M. Szymura},
  title =	 {Zarys mechanizmów ewolucji},
  publisher =	 {Wydawnictwo Naukowe PWN},
  address =	 {Warszawa},
  year =	 2002,
  edition =	 {III~-- zmienione},
}


@book{ KunickiGoldfingerPodstawBiologiiG1980,
  author =	 {Władysław J.~H.~Kunicki-Goldfinger},
  title =	 {Podstawy biologii. Od~bakterii do~człowieka},
  publisher =	 {Państwowe Wydawnictwo Naukowe},
  address =	 {Warszawa},
  year =	 1980,
  edition =	 {II},
}










@Comment #############################################################
@Comment #############################################################
@Comment #############################################################
@Comment CHEMISTRY
@Comment #############################################################
@Comment #############################################################
@Comment #############################################################



@book{ PaulingChemiaOgolna1959,
  author =	 {Linus Pauling},
  title =	 {Chemia ogólna. Wstęp do~chemii opisowej z~zarysem
                  nowoczesnych teorii},
  publisher =	 {Państwowe Wydawnictwo Naukowe},
  address =	 {Warszawa},
  year =	 1959,
  edition =	 {I},
}



@book{ PazdroChemiaDlaKandydatow1982,
  author =	 {Krzysztof M.~Pazdro},
  title =	 {Chemia dla kandydatów na~wyższe uczelnie},
  publisher =	 {Państwowe Wydawnictwo Naukowe},
  address =	 {Warszawa},
  year =	 1982,
  edition =	 {II},
}










@Comment #############################################################
@Comment #############################################################
@Comment #############################################################
@Comment ENGINERING SCIENCE: BOOKS
@Comment #############################################################
@Comment #############################################################
@Comment #############################################################


@book{ WegrzynInMemoriam2012,
  author =	 {Red. Andrzej Kwiecień and~Piotr Gaj},
  title =	 {Stefan Węgrzyn In~Memoriam},
  publisher =	 {Silesian University~of Technology Press},
  address =	 {Gliwice},
  year =	 2012,
  edition =	 {I},
}



@book{ WegrzynPodstawyAutomatyki1980,
  author =	 {Stefan Węgrzyn},
  title =	 {Podstawy automatyki},
  publisher =	 {Państwowe Wydawnictwo Naukowe},
  address =	 {Warszawa},
  year =	 1980,
  edition =	 {V},
}










@Comment #############################################################
@Comment #############################################################
@Comment #############################################################
@Comment SCIENTIFIC TABLES
@Comment #############################################################
@Comment #############################################################
@Comment #############################################################


@book{ WojtowiszTablice4Cyfrowe1970,
  author =	 {Władysław Wojtowicz},
  title =	 {Tablice matematyczno-fizyczne czterocyfrowe},
  publisher =	 {Państwowe Zakłady Wydawnictw Szkolnych},
  address =	 {Warszawa},
  year =	 1970,
  edition =	 {XXIII},
  note =	 {Opracowali Cz. Białobrzeski, Z. Gajewski, E. Rybka
                  i~A.M. Rusiecki},
}










@Comment #############################################################
@Comment #############################################################
@Comment #############################################################
@Comment VERY SIMPLE BOOKS ABOUT SCIENCE
@Comment #############################################################
@Comment #############################################################
@Comment #############################################################


@book{ BaryszewTeerikorpiWszechswiat2005,
  author =	 {Jurij Baryszew and~Pekka Teerikorpi},
  title =	 {Wszechświat. Poznawanie kosmicznego ładu},
  publisher =	 {Wydawnictwo WAM},
  address =	 {Kraków},
  year =	 2005,
  edition =	 {I},
  note =	 {Tłum. Krzysztof Włodarczyk},
}



@book{ HawkingKrotkaHistoriaCzasu1990,
  author =	 {Stephen W.~Hawking},
  title =	 {Krótka historia czasu. Od Wielkiego Wybuchu
                  do~czarnych dziur},
  publisher =	 {Wydawnictwo „ALFA”},
  address =	 {Warszawa},
  year =	 1990,
  edition =	 {I},
}



@book{ KakuWszechswiatyRownolegle,
  author =	 {Michio Kaku},
  title =	 {Wszechświaty równoległe. Powstanie Wszechświata,
                  wyższe wymiary i~przyszłość kosmosu},
  publisher =	 {Prószyński i~S-ka},
  address =	 {Warszawa},
  year =	 {Brak daty},
}



@book{ WajnertPrzygodyZMachefim1987,
  author =	 {Włodzimierz Wajnert},
  title =	 {Przygody z~Machefim},
  publisher =	 {Wydawnictwo Czasopism i~Książek Technicznych
                  NOT-SIGMA},
  address =	 {Warszawa},
  year =	 1987,
  edition =	 {I},
}



@book{ YauNadisGeometriaTeoriiStrun2012,
  author =	 {Shing-Tung Yau and Steve Nadis},
  title =	 {Geometria teorii strun. Ukryte wymiary przestrzeni},
  publisher =	 {Prószyński i~S-ka},
  address =	 {Warszawa},
  year =	 2012,
  edition =	 {I},
  note =	 {Tłum. Bogumił Bieniok i~Ewa L.~Łokas},
}
