@book{ Caelen-Blete-Tworzenie-aplikacji-z-wykorzystaniemi-ETC-Pub-2024,
  author =	 {Olivier Caelen and Marie-Alice Blete},
  title =	 {Tworzenie aplikacji z~wykorzystaniem GPT-4
                  i~ChatGPT. Buduje inteligentne chatboty, generatory
                  treści i~fascynujące projekty},
  publisher =	 {Helion, O'Reilly},
  address =	 {Gliwice},
  year =	 2024,
  edition =	 {I},
  isbn =	 {978-83-289-1044-7},
  note =	 {Tłum. Andrzej Watrak}
}



@book{ Petersen-Mastering-Emacs-Pub-2016,
  author =	 {Mickey Petersen},
  title =	 {Mastering Emacs},
  publisher =	 {https://www.masteringemacs.org/book},
  address =	 {{}},
  year =	 2016,
  edition =	 {II},
}
