@Comment #############################################################
@Comment #############################################################
@Comment Common issues, politics, etc. connected to the Holy Faith
@Comment Netography
@Comment #############################################################
@Comment #############################################################



@Comment #############################################################
@Comment Culture
@Comment #############################################################










@Comment #############################################################
@Comment General issues
@Comment #############################################################


@online{ PCh24TV-Rok-Kosciola-synodalnego-I-co-z-tego-ETC-Ver-2024,
  author =	 {PCh24TV~-- Polonia Christiana},
  title =	 {Rok „Kościoła synodalnego”. I~co z~tego wynika?},
  year =	 2024,
  url =		 {https://www.youtube.com/watch?v=ytoGSA9neDo},
  urldate =	 {2025-01-03},
}



@online{ PCh24TV-Liturgia-emocje-charyzmatycy-Jest-problem-Ver-2024,
  author =	 {PCh24TV~-- Polonia Christiana},
  title =	 {Liturgia, emocje, charyzmatycy. Jest problemy?},
  year =	 2024,
  url =		 {https://www.youtube.com/watch?v=1Us68Fck-Po},
  urldate =	 {2025-01-24},
}










@Comment #############################################################
@Comment Marriage
@Comment #############################################################













@Comment #############################################################
@Comment Nowy Ład
@Comment #############################################################


@online{ Hejwowski-Czy-Kosciol-opuscil-ludzi-pracy-Ver-2023,
  author =	 {Marceli Hejwowski},
  title =	 {Czy Kościół opuścił ludzi pracy?},
  year =	 2023,
  url =		 {https://nlad.pl/czy-kosciol-opuscil-ludzi-pracy/},
  urldate =	 {2024-08-23},
  note =	 {Nowy Ład},
}










@Comment #############################################################
@Comment Pope Benedict XVI pontificate
@Comment #############################################################


@online{ Dewulf-Pope-Benedicts-relationship-with-ETC-Ver-2024,
  author =	 {Vincent D.~Dewulf},
  title =	 {Pope Benedict's relationship with the~European
                  Union: A~lost dream},
  year =	 2024,
  url =		 {https://www.youtube.com/watch?v=vQNWPM3MIXs},
  urldate =	 {2025-01-17},
  note =	 {Koło Naukowe Prawa Kanonicznego TBSP UJ},
}










@Comment #############################################################
@Comment Pope Francis pontificate
@Comment #############################################################



@online{ Fundacja-XBW-Dlaczego-Franciszkowi-przeszkadza-ETC-Ver-2023,
  author =	 {Fundacja XBW},
  title =	 {Dlaczego Franciszkowi przeszkadza klasyczna
                  liturgia? Dyskusja na kanawie „Wygnanie
                  Melchizedeka”},
  year =	 2023,
  url =		 {https://www.youtube.com/watch?v=qx3-_EgK0Gc},
  urldate =	 {2024-10-01},
}



@online{ The-Counsel-of-Trent-What-Pope-Francis-Needs-to-Do-Ver-2024,
  author =	 {The~Counsel~of Trent},
  title =	 {What Pope Francis Needs to~Do},
  year =	 2024,
  url =		 {https://www.youtube.com/watch?v=sD8znS42Q1Y},
  urldate =	 {2024-09-19},
}



@online{ The-Kirkwood-Center-Is-Pope-Francis-a-Trustworthy-ETC-2022,
  author =	 {The~Kirkwood Center},
  title =	 {},
  year =	 2023,
  url =		 {https://www.youtube.com/watch?v=xLPOQQGFN7Y},
  urldate =	 {2024-07-23},
}



@online{ Return-To-Tradition-FSSP-Responds-To-Apostolic-ETC-Ver-2024,
  author =	 {Return To~Tradition},
  title =	 {FSSP Responds To Apostolic Visitation In~Worst Way
                  Possible},
  year =	 2024,
  url =		 {https://www.youtube.com/watch?v=kF2nik0_xOM},
  urldate =	 {2024-10-13},
}



@online{ Return-To-Tradition-The-Enemies-Of-Catholicism-Miss-ETC-Ver-2024,
  author =	 {Return To~Tradition},
  title =	 {The~Enemies~Of Catholicism Miss The~Point~Of
                  Francis' Vile Document},
  year =	 2024,
  url =		 {https://www.youtube.com/watch?v=R563kYgHFBM},
  urldate =	 {2024-12-27},
}



@online{ Return-To-Tradition-The-Synod-on-Synodality-Just-ETC-Ver-2024,
  author =	 {Return To~Tradition},
  title =	 {The~Synod on Synodality Just Turned Into An~Absolute
                  Circus},
  year =	 2024,
  url =		 {https://www.youtube.com/watch?v=NGLi_7iK2yw},
  urldate =	 {2024-10-17},
}



@online{ Return-To-Tradition-The-WORST-BISHOPS-Are-Scared-ETC-Ver-2024,
  author =	 {Return To~Tradition},
  title =	 {The~WORST BISHOPS Are Scared~Of THIS?!},
  year =	 2024,
  url =		 {https://www.youtube.com/watch?v=Uuf5xToOUDU},
  urldate =	 {2024-10-08},
}



@online{ Return-To-Tradition-This-Story-Is-Going-To-ETC-Ver-2024,
  author =	 {Return To~Tradition},
  title =	 {This Story Is~Going To~Cause A~NIGHTMARE For Pope
                  Francis},
  year =	 2024,
  url =		 {https://www.youtube.com/watch?v=J01uBhIGJeE},
  urldate =	 {2024-10-30},
}



@online{ Return-To-Tradition-Undeniable-PROOF-That-Francis-ETC-Ver-2024,
  author =	 {Return To~Tradition},
  title =	 {Undeniable PROOF That Francis Has Been TERRIBLE For
                  The~Church},
  year =	 2024,
  url =		 {https://www.youtube.com/watch?v=IwmFhJXvFgg},
  urldate =	 {2024-10-29},
}



@online{ The-Kirkwood-Center-Is-Pope-Francis-a-Trustworthy-ETC-Ver-2023,
  author =	 {The~Kirkwood Center},
  title =	 {Is~Pope Francis a~Trustworthy Pastor?; dr.~Ed Echeverria},
  year =	 2023,
  url =		 {https://www.youtube.com/watch?v=F6V9hJ4P3wA},
  urldate =	 {2024-10-12},
}










@Comment #########################################
@Comment 2022 year
@Comment #########################################


@online{ The-Counsel-of-Trent-Critiquing-Fr-Martins-LGBT-ETC-Ver-2022,
  author =	 {The~Counsel~of Trent},
  title =	 {Critiquing Fr.~Martin's LGBT Website},
  year =	 2022,
  url =		 {https://www.youtube.com/watch?v=G3hqpRQHDYk},
  urldate =	 {2024-12-26},
}










@Comment #########################################
@Comment 2023 year
@Comment #########################################


@online{ Return-To-Tradition-Canceled-Bishop-Tells-The-Truth-ETC-Ver-2023,
  author =	 {Return To~Tradition},
  title =	 {Canceled Bishop Tells The~Truth About Francis' Evil
                  Blessing Decree},
  year =	 2023,
  url =		 {https://www.youtube.com/watch?v=61f2QYJswUc},
  urldate =	 {2024-12-26},
}



@online{ Return-To-Tradition-Cardinal-Sarah-Tells-ETC-Ver-2023,
  author =	 {Return To~Tradition},
  title =	 {Cardinal Sarah Tells The~Unpopular Truth About
                  The~Biggest Myth In~The~Church Today},
  year =	 2023,
  url =		 {https://www.youtube.com/watch?v=7_vHe2x4_xk},
  urldate =	 {2024-12-26},
}



@online{ Return-To-Tradition-Heretic-Nun-Cheerleads-For-More-ETC-Ver-2023,
  author =	 {Return To~Tradition},
  title =	 {Heretic Nun Cheerleads For~More Diabolical Change In
                  The~Church},
  year =	 2023,
  url =		 {https://www.youtube.com/watch?v=2vzyysbEMQw},
  urldate =	 {2025-01-03},
}



@online{ Shaw-Westminster-Cathedral-Ends-50-Years-of-Masses-ETC-Ver-2023,
  author =	 {Joseph Shaw},
  title =	 {Westminster Cathedral Ends 50 Years~of Masses for
                  the~Latin Mass Society},
  year =	 2023,
  url =
                  {https://crisismagazine.com/opinion/westminster-cathedral-ends-50-years-of-masses-for-the-latin-mass-society},
  urldate =	 {2024-12-26},
  note =	 {Crisis Magazine},
}










@Comment #########################################
@Comment 2024 year
@Comment #########################################


@online{ Crisis-Magazine-The-Death-of-Catholic-Apologetics-Ver-2024,
  author =	 {Crisis Magazine},
  title =	 {The~Death~of Catholic Apologetics?},
  year =	 2023,
  url =		 {https://www.youtube.com/watch?v=LKxMmqjEpMw},
  urldate =	 {2024-10-25},
}



@online{ Flanders-New-Document-Against-Female-Ordination-Ver-2024,
  author =	 {T.S. Flanders},
  title =	 {New Document Against Female Ordination?},
  year =	 2024,
  url =
                  {https://onepeterfive.com/new-document-against-female-ordination/},
  urldate =	 {2024-10-14},
}



@online{ Flanders-Vatican-Silences-God-Ver-2024,
  author =	 {T.S. Flanders},
  title =	 {Vatican Silences God?},
  year =	 2024,
  url =		 {https://onepeterfive.com/vatican-silences-god/},
  urldate =	 {2024-09-21},
}



@online{ Flanders-Vatican-Sort-Of-Approves-Medjugorje-Ver-2024,
  author =	 {T.S. Flanders},
  title =	 {Vatican "Sort Of" Approves Medjugorje},
  year =	 2024,
  url =
                  {https://onepeterfive.com/vatican-sort-of-approves-medjugorje/},
  urldate =	 {2024-09-21},
}


@online{ Medina-The-Mayan-Rite-Controversy-Local-Cultural-ETC-Ver-2024,
  author =	 {Luis Medina},
  title =	 {The "Mayan Rite" Controversy: Local, Cultural
                  Context},
  year =	 2024,
  url =
                  {https://onepeterfive.com/the-mayan-rite-controversy-local-cultural-context/},
  urldate =	 {2024-12-24},
  note =	 {One Peter Five},
}



@online{ PCh24TV-Medziugorje-O-co-chodzi-Watykanowi-ETC-Ver-2024,
  author =	 {PCh24TV~-- Polonia Christiana},
  title =	 {Lisicki, Górny, Kratiuk. Medziugorje. O~co chodzi
                  Watykanowi?},
  year =	 2024,
  url =		 {https://www.youtube.com/watch?v=JS24sHbRJ1c},
  urldate =	 {2025-02-05},
}



@online{ Return-To-Tradition-Bishop-Invents-New-Holy-ETC-Ver-2024,
  author =	 {Return To Tradition},
  title =	 {Bishop Invents New Holy Rosary For The New Synodal
                  Church},
  year =	 2024,
  url =		 {https://www.youtube.com/watch?v=mhAIkQ0QGGs},
  urldate =	 {2024-12-18},
}



@online{ Return-To-Tradition-Bishops-Of-Africa-Stun-ETC-Ver-2024,
  author =	 {Return To~Tradition},
  title =	 {Bishops~Of Africa Stun The~Church By~Rejecting
                  Catholic Morality},
  year =	 2024,
  url =		 {https://www.youtube.com/watch?v=Lz_2QKBUQek},
  urldate =	 {2024-10-10},
}



@online{ Return-To-Tradition-Fed-Up-Laity-Take-Their-Bishop-ETC-Ver-2024,
  author =	 {Return To~Tradition},
  title =	 {Fed Up Laity Take Their Bishop To~Court To~Protect
                  The~Faith},
  year =	 2024,
  url =		 {https://www.youtube.com/watch?v=LGC7tA0Say0},
  urldate =	 {2024-09-19},
}




@online{ Return-To-Tradition-Fr-James-Martin-Gives-Us-ETC-Ver-2024,
  author =	 {Return To~Tradition},
  title =	 {Fr~James Martin Gives Us The~Best News Possible
                  About The~Synod},
  year =	 2024,
  url =		 {https://www.youtube.com/watch?v=pWRE6OsNFrM},
  urldate =	 {2024-10-12},
}



@online{ Return-To-Tradition-Francis-Diabolical-Human-Dignity-ETC-Ver-2024,
  author =	 {Return To Tradition},
  title =	 {Francis' Diabolical Human Dignity Declaration Sells
                  The~Church Out To~Politicans},
  year =	 2024,
  url =		 {https://www.youtube.com/watch?v=dNVbbZZb0vM},
  urldate =	 {2024-12-26},
}



@online{ Return-To-Tradition-Francis-Hidden-Evil-EXPOSED-ETC-Ver-2024,
  author =	 {Return To Tradition},
  title =	 {Francis' Hidden Evil EXPOSED As~Cardinals Plan For His
                  Eventual Replacement},
  year =	 2024,
  url =		 {https://www.youtube.com/watch?v=H5jf1svpLUI},
  urldate =	 {2025-03-10},
}



@online{ Return-To-Tradition-Frrancis-Is-Literally-Bankrupting-ETC-Ver-2024,
  author =	 {Return To~Tradition},
  title =	 {Francis Is~Literally Bankrupting The~Church},
  year =	 2024,
  url =		 {https://www.youtube.com/watch?v=0eZQ7B9l0JY},
  urldate =	 {2025-01-07},
}



@online{ Return-To-Tradition-Francis-Insults-Cardinal-Sarah-ETC-Ver-2024,
  author =	 {Return To~Tradition},
  title =	 {Franics Insults Cardinal Sarah In Tell-All Book},
  year =	 2024,
  url =		 {https://www.youtube.com/watch?v=grt7n7FxaCU},
  urldate =	 {2025-01-03},
}



@online{ Return-To-Tradition-Francis-REFUSES-To-Address-ETC-Ver-2024,
  author =	 {Return To Tradition},
  title =	 {Francis REFUSES To Address THE~MOST EVIL Problem
                  Facing The~Church},
  year =	 2024,
  url =		 {https://www.youtube.com/watch?v=F2shjGlEd5M},
  urldate =	 {2025-01-22},
}



@online{ Return-To-Tradition-Francis-Is-Purposefully-ETC-Ver-2024,
  author =	 {Return To Tradition},
  title =	 {Francis Is~Purposefully Trying To~Provoke Faithful
                  Catholics By~insulting Mary},
  year =	 2024,
  url =		 {https://www.youtube.com/watch?v=hlFi-gT1Ok8},
  urldate =	 {2024-12-11},
}



@online{ Return-To-Tradition-Priest-Targeted-By-The-State-ETC-Ver-2024,
  author =	 {Return To Tradition},
  title =	 {Priest Targeted By The~State For~Teaching The~Truth
                  About The~Evils~Of Our Day},
  year =	 2024,
  url =		 {https://www.youtube.com/watch?v=uIu6ELBlJE0},
  urldate =	 {2024-12-26},
}



@online{ Return-To-Tradition-The-Hyprocrisy-of-The-Synod-Is-ETC-Ver-2024,
  author =	 {Return To Tradition},
  title =	 {The~Hypocrisy~of The~Synod Is~Absurd},
  year =	 2024,
  url =		 {https://www.youtube.com/watch?v=gZ8T3FeHulc},
  urldate =	 {2025-02-20},
}



@online{ Return-To-Tradition-The-Real-Point-Of-Francis-ETC-Ver-2024,
  author =	 {Return To Tradition},
  title =	 {The~Real Point~Of Francis Diabolical Blessing Decree},
  year =	 2024,
  url =		 {https://www.youtube.com/watch?v=qmsN4q_DYk8},
  urldate =	 {2024-12-26},
}



@online{ Return-To-Tradition-The-REALY-STORY-About-ETC-Ver-2024,
  author =	 {Return To~Tradition},
  title =	 {The~REALY STORY About Yesterday's Medjugorge News
                  From The~Vatican},
  year =	 2024,
  url =		 {https://www.youtube.com/watch?v=9-xU2abj5Aw},
  urldate =	 {2024-09-20},
}



@online{ Return-To-Tradition-Unbelievably-Sacrilegious-ETC-Ver-2024,
  author =	 {Return To Tradition},
  title =	 {Unbelievably Sacrilegious Communion Causes
                  International Outrage~Of The~Faithful},
  year =	 2024,
  url =		 {https://www.youtube.com/watch?v=8Q-CGHNaDoc},
  urldate =	 {2025-07-05},
}










@Comment #########################################
@Comment 2025 year
@Comment #########################################


@online{ PCh24TV-Zmarl-papiez-Co-teraz-ETC-Ver-2025,
  author =	 {PCh24TV~-- Polonia Christiana},
  title =	 {Zmarł papież. Co teraz?},
  year =	 2025,
  url =		 {https://www.youtube.com/watch?v=V39qFBGDMIo},
  urldate =	 {2025-04-26},
}



@online{ PCh24TV-Zmarl-papiez-Franciszek-Specjalne-wydanie-ETC-Ver-2025,
  author =	 {PCh24TV~-- Polonia Christiana},
  title =	 {Kratiuk, Pospieszalski, Chmielewski: Zmarł papież
                  Franciszek. Specjalne wydanie „Ja, katolik”},
  year =	 2025,
  url =		 {https://www.youtube.com/watch?v=nTqamZgaQbQ},
  urldate =	 {2025-04-22},
}



@online{ PCh24TV-Polacy-na-konklawe-Jakie-maja-szanse-Ver-2025,
  author =	 {PCh24TV~-- Polonia Christiana},
  title =	 {Polacy na konklawe. Jakie mają szanse?},
  year =	 2025,
  url =		 {https://www.youtube.com/watch?v=4Z5S-pg5S8Y},
  urldate =	 {2025-04-22},
}



@online{ PCh24TV-Wloch-nowym-papiezem-Oto-kandydaci-Ver-2025,
  author =	 {PCh24TV~-- Polonia Christiana},
  title =	 {Włoch nowym papieżem? Oto kandydaci},
  year =	 2025,
  url =		 {https://www.youtube.com/watch?v=ipdX5hiViHc},
  urldate =	 {2025-04-22},
}



@online{ Return-To-Tradition-Bishops-Politicized-The-Faith-ETC-Ver-2025,
  author =	 {Return To~Tradition},
  title =	 {Bishops Politicized The~Faith And Are Panicking Over
                  The~Backlash},
  year =	 2025,
  url =		 {https://www.youtube.com/watch?v=iCuBqsArnmg},
  urldate =	 {2025-02-22},
}



@online{ Return-To-Tradition-CATHOLIC-RESURGENCE-Huge-Numbers-ETC-Ver-2025,
  author =	 {Return To~Tradition},
  title =	 {CATHOLIC RESURGENCE: Huge Numbers~Of Conversions To
                  The~True Faith In~2025},
  year =	 2025,
  url =		 {https://www.youtube.com/watch?v=zNsJvuZ6XM0},
  urldate =	 {2025-04-20},
}



@online{ Return-To-Tradition-Everyone-Is-Missing-A-Key-ETC-Ver-2025,
  author =	 {Return To~Tradition},
  title =	 {Everyone Is~Missing A~Key Detail~Of Francis'
                  Rebuke~Of JD~Vance},
  year =	 2025,
  url =		 {https://www.youtube.com/watch?v=Np6wZ2izubM},
  urldate =	 {2025-02-22},
}



@online{ Return-To-Tradition-Francis-Shocks-Legal-Scholars-ETC-Ver-2025,
  author =	 {Return To Tradition},
  title =	 {Francis Shocks Legal Scholars With Likely Illegal
                  Appointment},
  year =	 2025,
  url =		 {https://www.youtube.com/watch?v=WLSJHXlGobk},
  urldate =	 {2025-01-11},
}



@online{ Return-To-Tradition-Stunning-Hypocrisy-From-ETC-Ver-2025,
  author =	 {Return To Tradition},
  title =	 {Stunning Hypocrisy From The~Vativan In New Declaration},
  year =	 2025,
  url =		 {https://www.youtube.com/watch?v=LtKxyTdMoL4},
  urldate =	 {2025-01-17},
}



@online{ Return-To-Tradition-The-US-Bishops-Are-PLAYING-ETC-Ver-2025,
  author =	 {Return To Tradition},
  title =	 {The~US Bishops Are PLAYING WITH FIRE And Are About
                  To~Get Burned},
  year =	 2025,
  url =		 {https://www.youtube.com/watch?v=K68NyrDVx90},
  urldate =	 {2025-04-26},
}










@Comment #############################################################
@Comment Leo XIV pontificate
@Comment #############################################################


@Comment #########################################
@Comment 2025 year
@Comment #########################################


@online{ Fr-Perricone-Looking-Backward-in-the-Diocese-of-ETC-Ver-2025,
  author =	 {Fr. John A.~Perricon},
  title =	 {Looking Backward in the~Diocese~of Charlotte},
  year =	 2025,
  url =
                  {https://crisismagazine.com/opinion/looking-backward-in-the-diocese-of-charlotte},
  urldate =	 {2025-06-16},
  note =	 {Crisis Magazine},
}



@online{ PCh24TV-Nowy-formularz-Mszy-Chodzi-o-ekologie-Ver-2025,
  author =	 {PCh24TV~-- Polonia Christiana},
  title =	 {Nowy fromularz Mszy. Chodzi o~ekologię},
  year =	 2025,
  url =		 {https://www.youtube.com/watch?v=6EhBN3EYEjE},
  urldate =	 {2025-07-03},
}



@online{ PCh24TV-Ujawniono-wielkie-klamstwo-Co-zrobi-Leon-Ver-2025,
  author =	 {PCh24TV~-- Polonia Christiana},
  title =	 {Ujawniono wielkie kłamstwo. Co zrobi Leon?},
  year =	 2025,
  url =		 {https://www.youtube.com/watch?v=jDmLAPirJjE},
  urldate =	 {2025-07-02},
}



@online{ Return-To-Tradition-A-Parish-Is-Parying-The-Price-ETC-Ver-2025,
  author =	 {Return To~Tradition},
  title =	 {A~Parish Is~Paying The~Price For~Kicking Traditional
                  Catholics Out},
  year =	 2025,
  url =		 {https://www.youtube.com/watch?v=xpKaHkSm6Uw},
  urldate =	 {2025-05-28},
}



@online{ Return-To-Tradition-Bishop-Bans-All-Reverent-ETC-Ver-2025,
  author =	 {Return To~Tradition},
  title =	 {Bishop Bans All REverent Masses In~His Dicosese
                  And~HIDES From The~Backlash},
  year =	 2025,
  url =		 {https://www.youtube.com/watch?v=Rox5QLjDqL4},
  urldate =	 {2025-07-11},
}



@online{ Return-To-Tradition-Bishop-Stricklands-Goes-ETC-Ver-2025,
  author =	 {Return To~Tradition},
  title =	 {Bishop Strickland Goes Nuclear In~Response
                  To~Another Questionable Bishop Appointment},
  year =	 2025,
  url =		 {https://www.youtube.com/watch?v=AQ4V5LXM2FA},
  urldate =	 {2025-07-11},
}



@online{ Return-To-Tradition-Bishop-Stricklands-Message-To-ETC-Ver-2025,
  author =	 {Return To~Tradition},
  title =	 {Bishop Strickland's Message To Pope Leo~XIV
                  In~Response To The~Appointment~Of Bad Bishops},
  year =	 2025,
  url =		 {https://www.youtube.com/watch?v=TucyTBsTgLk},
  urldate =	 {2025-06-29},
}



@online{ Return-To-Tradition-Bishop-Robert-Barron-Attacked-ETC-Ver-2025,
  author =	 {Return To~Tradition},
  title =	 {Bishop Robert Barron Attacked By~The~Worst Catholic
                  Voices For~Doing The~Right Thing},
  year =	 2025,
  url =		 {https://www.youtube.com/watch?v=--BG_87R9O8},
  urldate =	 {2025-07-11},
}



@online{ Return-To-Tradition-Bombshell-Report-Proves-That-ETC-Ver-2025,
  author =	 {Return To~Tradition},
  title =	 {Bombsheel Report Proves That Francis' Traditional
                  Mass BAN Was All A~Lie},
  year =	 2025,
  url =		 {https://www.youtube.com/watch?v=gY8ejVQ7BWE},
  urldate =	 {2025-07-02},
}



@online{ Return-To-Tradition-Huge-News-About-The-Canonization-ETC-Ver-2025,
  author =	 {Return To~Tradition},
  title =	 {Huge News About The~Canonization~Of Blessed Carlo Acutis},
  year =	 2025,
  url =		 {https://www.youtube.com/watch?v=wF8f8Dp22vE},
  urldate =	 {2025-06-05},
}



@online{ Return-To-Tradition-Meet-Pope-Leo-XIV-Bishop-ETC-Ver-2025,
  author =	 {Return To~Tradition},
  title =	 {Meet Pope Leo~XIV: Bishop Strickland Weighs~In},
  year =	 2025,
  url =		 {https://www.youtube.com/watch?v=kh6pguJlSyE},
  urldate =	 {2025-05-09},
}



@online{ Return-To-Tradition-Notre-Dame-Gives-Up-All-ETC-Ver-2025,
  author =	 {Return To~Tradition},
  title =	 {Notre Dame Gives Up All Pretenses~Of Being Catholic},
  year =	 2025,
  url =		 {https://www.youtube.com/watch?v=_rRK1tgtsNA},
  urldate =	 {2025-06-11},
}



@online{ Return-To-Tradition-Shocking-New-Data-Shows-Most-ETC-Ver-2025,
  author =	 {Return To~Tradition},
  title =	 {Shocking New Data Most American Catholics Have Left
                  The~Faith},
  year =	 2025,
  url =		 {https://www.youtube.com/watch?v=BEGXSpm-PVA},
  urldate =	 {2025-06-25},
}



@online{ Return-To-Tradition-The-Worst-Cardinal-In-Rome-Just-ETC-Ver-2025,
  author =	 {Return To~Tradition},
  title =	 {The~Worst Cardinal In~Rome Just Delivered Some Huge
                  Bad News},
  year =	 2025,
  url =		 {https://www.youtube.com/watch?v=2K8QPsdMvXk},
  urldate =	 {2025-07-06},
}



@online{ Return-To-Tradition-Vartican-Tries-To-Stomp-Out-ETC-Ver-2025,
  author =	 {Return To~Tradition},
  title =	 {Vativan Tries To~Stomp Out The~Controversy Caused
                  By~The~TLM Ban Leaks},
  year =	 2025,
  url =		 {https://www.youtube.com/watch?v=HkASO-jQuNc},
  urldate =	 {2025-07-06},
}










@Comment #############################################################
@Comment Poland
@Comment #############################################################


@online{ Trudno-byc-katolikiem-Ratuj-sie-kto-moze-ETC-Ver-2023,
  author =	 {Trudno być katolikiem},
  title =	 {Ratuj~się kto może! Ruchy charyzmatyczne zmienią
                  twoje myślenie i~zrobią z~ciebie protestanta},
  year =	 2023,
  url =		 {https://www.youtube.com/watch?v=LiagYgWbx_o},
  urldate =	 {2024-12-06},
}










@Comment #########################################
@Comment 2024 year
@Comment #########################################


@online{ PCh24TV-Co-sie-dzieje-na-KUL-Skandal-goni-skandal-Ver-2024,
  author =	 {PCh24TV~-- Polonia Christiana},
  title =	 {Co~się dzieje na KUL? Skandal goni skandal},
  year =	 2024,
  url =		 {https://www.youtube.com/watch?v=ZeZ1vFF1zBE},
  urldate =	 {2024-12-15},
}



@online{ PCh24TV-SZoK-Kard-Rys-i-protestanci-Co-tam-sie-dzieje-Ver-2025,
  author =	 {PCh24TV~-- Polonia Christiana},
  title =	 {SZoK. Kard. Ryś i~protestanci. Co tam~się dzieje?!},
  year =	 2025,
  url =		 {https://www.youtube.com/watch?v=OQIeWCdHm1Q},
  urldate =	 {2025-01-03},
}










@Comment #############################################################
@Comment Sacred Scripture and related topics
@Comment #############################################################


@online{ Chalk-Jordan-Peteresons-Bible-Study-Ver-2025,
  author =	 {Casey Chalk},
  title =	 {Jordan Peterson's Bible Study},
  year =	 2025,
  url =		 {https://rlo.acton.org/archives/126391-jordan-petersons-bible-study.html},
  urldate =	 {2025-03-22},
  note = {Acton Institute},
}










@Comment #############################################################
@Comment Sex
@Comment #############################################################


@online{ Chalk-Which-Way-Modern-Woman-Nun-or-Porn-Star-Ver-2023,
  author =	 {Casey Chalk},
  title =	 {Which Way, Modern Woman: Nun or~Porn Star?},
  year =	 2023,
  url =		 {https://crisismagazine.com/opinion/which-way-modern-woman-nun-or-porn-star},
  urldate =	 {2024-11-04},
}



@online{ Gray-Pornstar-Confessions-of-Spritual-Brokenness-ETC-Ver-2024,
  author =	 {David L. Gray, ThM},
  title =	 {Pornstar Confessions~of Spiritual Brokenness; David
                  L.~Gray~-- Off Code \&~Unscripted},
  year =	 2024,
  url =		 {https://www.youtube.com/watch?v=UzhXuk6gkbo},
  urldate =	 {2024-11-19},
}

































@Comment #############################################################
@Comment
@Comment #############################################################


@Comment @online{ -Ver-2024,
@Comment   author =	 {},
@Comment   title =	 {},
@Comment   year =	 2024,
@Comment   url =		 {},
@Comment   urldate =	 {22-VII-2024},
@Comment }










@Comment #############################################################
@Comment
@Comment #############################################################


@online{ -ETC-Ver-2021,
  author =	 {},
  title =	 {},
  year =	 2021,
  url =		 {https://www.youtube.com/watch?v=q0PAC9qTc_E},
  urldate =	 {},
}























@Comment #############################################################
@Comment
@Comment #############################################################


@online{ Chmielewski-Polit-Tylkowski-Chiny-Franciszek-ETC-Ver-2024,
  author =	 {},
  title =	 {},
  year =	 2024,
  url =		 {https://www.youtube.com/watch?v=1Tfrz-Y1xL8},
  urldate =	 {},
}










@Comment #############################################################
@Comment
@Comment #############################################################


@Comment #########################################
@Comment
@Comment #########################################


@online{ -Part-I-Ver-2014,
  author =	 {},
  title =	 {},
  year =	 2014,
  url =		 {https://www.youtube.com/watch?v=uqSenlCcFws},
  urldate =	 {},
}



@online{ -Part-II-Ver-2014,
  author =	 {},
  title =	 {},
  year =	 2014,
  url =		 {https://www.youtube.com/watch?v=A1RUtNmsHWU},
  urldate =	 {},
}


@online{ -ETC-Ver-2019,
  author =	 {},
  title =	 {},
  year =	 2019,
  url =		 {https://www.youtube.com/watch?v=r8pxtz-_HhI},
  urldate =	 {},
}



@online{ -Ver-2024,
  author =	 {},
  title =	 {},
  year =	 2024,
  url =		 {https://www.youtube.com/watch?v=v0F6pCIiXIE},
  urldate =	 {},
}



@online{ -Ver-2024,
  author =	 {},
  title =	 {},
  year =	 2024,
  url =		 {https://www.youtube.com/watch?v=j1LZ1swbS5U},
  urldate =	 {},
}



@online{ -ETC-Ver-2024,
  author =	 {},
  title =	 {},
  year =	 2024,
  url =		 {https://www.youtube.com/watch?v=e_pu0OnPPwo},
  urldate =	 {},
}



@online{ -2-Ver-2024,
  author =	 {},
  title =	 {},
  year =	 2024,
  url =
                  {https://www.pillarcatholic.com/p/eucharistic-coherence-round-2},
  urldate =	 {},
  note =	 {The~Pillar},
}



@online{ -Part-I-Ver-2021,
  author =	 {},
  title =	 {},
  year =	 2021,
  url =
                  {https://catholicfamilynews.com/blog/2021/10/01/st-robert-bellarmine-herald-of-republics-part-i/},
  urldate =	 {},
  note =	 {Catholic Family News},
}



@online{ -Part-II-Ver-2021,
  author =	 {},
  title =	 {},
  year =	 2021,
  url =
                  {https://catholicfamilynews.com/blog/2021/10/08/st-robert-bellarmine-herald-of-republics-part-ii/},
  urldate =	 {},
  note =	 {Catholic Family News},
}



@Comment @online{ -Part-II-Ver-2021,
@Comment   author =	 {},
@Comment   title =	 {},
@Comment   year =	 2021,
@Comment   url =		 {},
@Comment   urldate =	 {},
@Comment   note =	 {},
@Comment }



@online{ -ETC-Ver-2024,
  author =	 {},
  title =	 {},
  year =	 2024,
  url =
                  {https://crisismagazine.com/opinion/the-manosphere-doesnt-solve-the-masculinity-crisis},
  urldate =	 {},
  note =	 {Crisis Magazine},
}



@online{ -ETC-Ver-2024,
  author =	 {},
  title =	 {},
  year =	 2024,
  url =
                  {https://crisismagazine.com/opinion/how-the-pro-life-movement-has-been-a-trojan-horse-for-a-greater-sin},
  urldate =	 {},
  note =	 {Crisis Magazine},
}



@online{ -ETC-Ver-2024,
  author =	 {},
  title =	 {},
  year =	 2024,
  url =
                  {https://crisismagazine.com/opinion/the-national-eucharistic-congress-its-not-about-jesus},
  urldate =	 {},
  note =	 {Crisis Magazine},
}



@online{ -Ver-2024,
  author =	 {},
  title =	 {},
  year =	 2024,
  url =		 {https://www.youtube.com/watch?v=ff70SsNT2xc},
  urldate =	 {12-VIII-2024},
  note =	 {National Conservatism; NatCon~4},
}



@online{ -ETC-Ver-2020,
  author =	 {},
  title =	 {},
  year =	 2020,
  url =
                  {https://crisismagazine.com/opinion/the-troubling-kinship-of-bishop-barron-and-father-martin},
  urldate =	 {21-VII-2024},
  note = {Crisis Magazine},
}



@online{ -ETC-Ver-2021,
  author =	 {},
  title =	 {},
  year =	 2021,
  url =		 {https://www.youtube.com/watch?v=OA8BatGMaMU},
  urldate =	 {11-VIII-2024},
}



@online{ -ETC-Ver-2021,
  author =	 {},
  title =	 {},
  year =	 2021,
  url =		 {https://www.youtube.com/watch?v=_7PNnv9_8Xo},
  urldate =	 {11-VIII-2024},
}



@online{ -ETC-Ver-2022,
  author =	 {},
  title =	 {},
  year =	 2022,
  url =		 {https://www.youtube.com/watch?v=J_KLUruZONY},
  urldate =	 {11-VIII-2024},
}



@online{ -ETC-Ver-2020,
  author =	 {},
  title =	 {},
  year =	 2020,
  url =		 {https://www.youtube.com/watch?v=Nz_pD-PT55o},
  urldate =	 {11-VIII-2024},
}

















@Comment #############################################################
@Comment United States of America
@Comment #############################################################


@Comment #########################################
@Comment After 1945
@Comment #########################################


@online{ Gray-Kwanzaa-A-Pseud-Religion-that-Opposes-ETC-Ver-2022,
  author =	 {David L. Gray, THM},
  title =	 {Kwanzaa: A~PSeudo-Religion that Opposes Catholicism},
  year =	 2022,
  url =
                  {https://www.saintdominicsmedia.com/kwanzaa-is-an-anti-catholic-pseudo-religion/},
  urldate =	 {2024-12-27},
}



@online{ -Ver-2024,
  author =	 {Josué Luis Hernández},
  title =	 {},
  year =	 2024,
  url =		 {},
  urldate =	 {},
  note = {One Peter Five},
}










@Comment #########################################
@Comment XXI century
@Comment #########################################



@Comment ###############################
@Comment 2024 year
@Comment ###############################


@online{ Antall-Trumps-Disturbin-Support-of-IVF-Ver-2024,
  author =	 {Msgr. Richard C.~Antall},
  title =	 {Trump's Disturbing Support~of IVF},
  year =	 2024,
  url =
                  {https://crisismagazine.com/opinion/trumps-disturbing-support-of-ivf},
  urldate =	 {2024-09-14},
  note =	 {Crisis Magazine},
}



@online{ Return-To-Tradition-The-US-Bishops-Launch-Their-ETC-Ver-2024,
  author =	 {Return To~Tradition},
  title =	 {The~US Bishops Launch Their Eucharistic Congress
                  And~It's Launch Is A~Disaster},
  year =	 2024,
  url =		 {https://www.youtube.com/watch?v=pmmXpbSJyAQ},
  urldate =	 {2025-03-09},
}










@Comment ###############################
@Comment 2025 year
@Comment ###############################


@online{ Gray-Joe-Biden-Becomes-a-Freemason-on-Sight-ETC-Ver-2025,
  author =	 {David L. Gray, ThM},
  title =	 {Joe Biden Becomes a~Freemason-on-Sight
                  \&~Excommunicated; The~Set w/David L.~Gray},
  year =	 2025,
  url =		 {https://www.youtube.com/watch?v=PvXR7h5lu4I},
  urldate =	 {2025-01-30},
}



@online{ Gray-Joe-Biden-Learns-the-Secrets-of-Freemasonry-ETC-Ver-2025,
  author =	 {David L. Gray, ThM},
  title =	 {Joe Biden Learns the Secrets~of Freemasonry; The~Set
                  w/David L.~Gray},
  year =	 2025,
  url =		 {https://www.youtube.com/watch?v=dDLBhvUfa48},
  urldate =	 {2025-01-28},
}



@online{ PCh24TV-Trump-i-Kosciol-Bedzie-konflikt-Ver-2025,
  author =	 {PCh24TV~-- Polonia Christiana},
  title =	 {Trump i~Kościół. Będzie konflikt?},
  year =	 2025,
  url =		 {https://www.youtube.com/watch?v=KHPTMxHMjII},
  urldate =	 {2025-01-22},
}



@online{ Return-To-Tradition-US-Bishops-Issues-Tone-Deaf-ETC-Ver-2025,
  author =	 {Return To Tradition},
  title =	 {US~Bishops Issues Tone Deaf Response After Immoral
                  Financial Wickedness Exposed},
  year =	 2025,
  url =		 {https://www.youtube.com/watch?v=NNbfM2jHbNY},
  urldate =	 {2025-01-27},
}










@Comment #########################################
@Comment Personal stories
@Comment #########################################


@online{ EWTN-Journey-Home-Holly-Ordway-Ver-2014,
  author =	 {EWTN},
  title =	 {Journey Home, Holly Ordway; 2015-06-1},
  year =	 2015,
  url =		 {https://www.youtube.com/watch?v=nAz_sKuHSnM},
  urldate =	 {2024-09-19},
}



@online{ EWTN-Journey-Home-Casey-Chalk-Ver-2019,
  author =	 {EWTN},
  title =	 {Journey Home, Casey Chalk; 2019-03-06},
  year =	 2019,
  url =		 {https://www.youtube.com/watch?v=Y7zSwWXvIfs},
  urldate =	 {2024-12-08},
}



@online{ Proven-Ministries-Dr-Holly-Ordway-An-Atheist-Turned-ETC-Ver-2020,
  author =	 {Proven Ministries},
  title =	 {Dr.~Holly Ordway: An~Atheist Turned Christian
                  through Fantasy and Imagination},
  year =	 2020,
  url =		 {https://www.youtube.com/watch?v=kJdIsxi-338},
  urldate =	 {2025-01-07},
}



@online{ Runaway-Planet-Convinced-Episode-1-Jennifer-Fulwilers-ETC-Ver-2025,
  author =	 {Runaway Planet},
  title =	 {Convinced Episode~1: Jennifer Fulwiler's Catholic
                  Conversion Story},
  year =	 2025,
  url =		 {https://www.youtube.com/watch?v=6mhLaZX1hIY},
  urldate =	 {2025-03-28},
}



@online{ Sips-with-Serra-How-Gavin-Ortlund-Made-Me-Catholic-Ver-2025,
  author =	 {Sips with Serra; Adrian Lawson},
  title =	 {How Gavin Ortlund Made Me Catholic},
  year =	 2025,
  url =		 {https://www.youtube.com/watch?v=Y-3eHZwN1Vk},
  urldate =	 {2025-04-30},
}
