@Comment #############################################################
@Comment #############################################################
@Comment Common issues, politics and the Holy Faith, netography
@Comment #############################################################
@Comment #############################################################



@Comment #############################################################
@Comment Nowy Ład
@Comment #############################################################


@online{ Hejwowski-Czy-Kosciol-opuscil-ludzi-pracy-Ver-2023,
  author =	 {Marceli Hejwowski},
  title =	 {Czy Kościół opuścić ludzi pracy?},
  year =	 2023,
  url =		 {https://nlad.pl/czy-kosciol-opuscil-ludzi-pracy/},
  urldate =	 {23-VIII-2024},
  note =	 {Nowy Ład},
}










@Comment #############################################################
@Comment Pontificate of pope Francis
@Comment #############################################################


@online{ The-Counsel-of-Trent-What-Pope-Francis-Needs-to-Do-Ver-2024,
  author =	 {The~Counsel~of Trent},
  title =	 {What Pope Franvis Needs to~Do},
  year =	 2024,
  url =		 {https://www.youtube.com/watch?v=sD8znS42Q1Y},
  urldate =	 {19-IX-2024},
}



@online{ Return-To-Tradition-Fed-Up-Laity-Take-Their-Bishop-ETC-Ver-2024,
  author =	 {Return To~Tradition},
  title =	 {Fed Up Laity Take Their Bishop To~Court To~Protect
                  The~Faith},
  year =	 2024,
  url =		 {https://www.youtube.com/watch?v=LGC7tA0Say0},
  urldate =	 {19-IX-2024},
}



@Comment @online{ The-Cordial-Catholic-Reasons-to-Doubt-Sola-Scriptura-ETC-2023,
@Comment   author =	 {The~Cordial Catholic},
@Comment   title =	 {Reasons to~Doubt Sola Scriptura (w/~Jimmy Akin)},
@Comment   year =	 2023,
@Comment   url =		 {https://www.youtube.com/watch?v=BH-CEWfSv78},
@Comment   urldate =	 {17-VIII-2024},
@Comment }



@Comment @online{ The-Counsel-of-Trent-The-rare-word-that-refutates-ETC-Ver-2023,
@Comment   author =	 {The~Counsel~of Trent},
@Comment   title =	 {The~(rare) word that refutaes Sola Scriptura},
@Comment   year =	 2023,
@Comment   url =		 {https://www.youtube.com/watch?v=BxqtRAOAXYU},
@Comment   urldate =	 {23-VII-2024},
@Comment }



@Comment @online{ The-Counsel-of-Trent-Bible-verses-that-teach-ETC-2022,
@Comment   author =	 {The~Counsel~of Trent},
@Comment   title =	 {"Bible verses that teach Sola Scriputra" (rebutted)},
@Comment   year =	 2022,
@Comment   url =		 {https://www.youtube.com/watch?v=xLPOQQGFN7Y},
@Comment   urldate =	 {23-VII-2024},
@Comment   note =	 {The~Counsel~of Trent},
@Comment }



@Comment @online{ The-Counsel-of-Trent-Dialogue-Do-Protestants-act-ETC-Ver-2022,
@Comment   author =	 {The~Counsel~of Trent},
@Comment   title =	 {Dialogue: Do Protestants act like atheists?},
@Comment   year =	 2022,
@Comment   url =		 {https://www.youtube.com/watch?v=HomoISXpLCo},
@Comment   urldate =	 {11-VIII-2024},
@Comment }



@Comment @online{ The-Counsel-of-Trent-Mary-is-NOT-the-Mother-ETC-Ver-2024,
@Comment   author =	 {The~Counsel~of Trent},
@Comment   title =	 {Dialogue: Do Protestants act like atheists?},
@Comment   year =	 2024,
@Comment   url =		 {https://www.youtube.com/watch?v=TmgVXvhAueI},
@Comment   urldate =	 {11-VIII-2024},
@Comment }



@Comment @online{ The-Counsel-of-Trent-The-Emptiness-of-Liberal-Christianity-Ver-2024,
@Comment   author =	 {The~Counsel~of Trent},
@Comment   title =	 {The~Emptiness~of Liberal Christianity},
@Comment   year =	 2024,
@Comment   url =		 {https://www.youtube.com/watch?v=a1yXqwbgVqY},
@Comment   urldate =	 {29-VII-2024},
@Comment }



@Comment @online{ The-Counsel-of-Trent-The-Rare-Word-That-Refutes-ETC--Ver-2023,
@Comment   author =	 {The~Counsel~of Trent},
@Comment   title =	 {The~(Rare) Word That Refutes Sola Scriptura},
@Comment   year =	 2023,
@Comment   url =		 {https://www.youtube.com/watch?v=BxqtRAOAXYU},
@Comment   urldate =	 {14-VIII-2024},
@Comment }



@Comment @online{ The-Counsel-of-Trent-When-Protestants-Were-Pro-Choice-Ver-2024,
@Comment   author =	 {The~Counsel~of Trent},
@Comment   title =	 {When Protestants Were Pro-Choice},
@Comment   year =	 2024,
@Comment   url =		 {https://www.youtube.com/watch?v=xpZqoz3NXiQ},
@Comment   urldate =	 {03-VIII-2024},
@Comment }



@Comment @online{ The-Counsel-of-Trent-Why-Fr-Casey-Cole-is-WRONG-ETC-Ver-2024,
@Comment   author =	 {The~Counsel~of Trent},
@Comment   title =	 {Why Fr. Casey Cole is WRONG About the Bible and
@Comment                   Homosexuality},
@Comment   year =	 2024,
@Comment   url =		 {https://www.youtube.com/watch?v=hOKiWvXVO3U},
@Comment   urldate =	 {16-VIII-2024},
@Comment }



@Comment @online{ The-Counsel-of-Trent-Why-Fr-Casey-Cole-is-Wrong-about-ETC-Ver-2023,
@Comment   author =	 {The~Counsel~of Trent},
@Comment   title =	 {Why Fr. Casey Cole is Wrong about Prison},
@Comment   year =	 2023,
@Comment   url =		 {https://www.youtube.com/watch?v=Vm-RUWHp8pg},
@Comment   urldate =	 {17-VIII-2024},
@Comment }










@Comment #############################################################
@Comment
@Comment #############################################################


@Comment @online{ Catholic-Culture-Fr-John-Saward-on-turning-ETC-Ver-2024,
@Comment   author =	 {Catholic Culture},
@Comment   title =	 {Fr.~John Saward on~turning away from von~Balthasar,
@Comment                   and~on the~invisible world~of angels},
@Comment   year =	 2024,
@Comment   url =		 {https://www.youtube.com/watch?v=WvCftA0RNi4},
@Comment   urldate =	 {27-VII-2024},
@Comment }



@Comment @online{ Chmielewski-Milcarek-Tradycjonalisci-i-charyzmatycy-ETC-Ver-2024,
@Comment   author =	 {Paweł Chmielewski and Paweł Milcarek},
@Comment   title =	 {Tradycjonaliści i~charyzmatycy. Można ich pogodzić?},
@Comment   year =	 2024,
@Comment   url =		 {https://www.youtube.com/watch?v=MvHxP8BE5aY},
@Comment   urldate =	 {03-VIII-2024},
@Comment   note =	 {PCh24TV~-- Polonia Christiana},
@Comment }



@Comment @online{ Saint-Dominics-Media-Blame-Martin-Luther-for-ETC-Ver-2024,
@Comment   author =	 {Saint Dominic's Media and The Bobby Hesley Show},
@Comment   title =	 {Blame Martin Luther for Olympic's Blasphemous
@Comment                   Opening Ceremoty},
@Comment   year =	 2024,
@Comment   url =		 {https://www.youtube.com/watch?v=WvCftA0RNi4},
@Comment   urldate =	 {01-VIII-2024},
@Comment   note =	 {Saint Dominic's Media},
@Comment }






















@Comment #############################################################
@Comment
@Comment #############################################################


@Comment @online{ -Ver-2024,
@Comment   author =	 {},
@Comment   title =	 {},
@Comment   year =	 2024,
@Comment   url =		 {},
@Comment   urldate =	 {22-VII-2024},
@Comment }










@Comment #############################################################
@Comment
@Comment #############################################################


@Comment @online{ -Ver-2024,
@Comment   author =	 {},
@Comment   title =	 {},
@Comment   year =	 2024,
@Comment   url =		 {},
@Comment   urldate =	 {22-VII-2024},
@Comment }










@Comment #############################################################
@Comment
@Comment #############################################################


@Comment @online{ Daivine-Mercy-Who-was-St-Faustina-ETC-Ver-2021,
@Comment   author =	 {Divine Mercy},
@Comment   title =	 {Who was St.~Faustina? A~Quick Summary~of this
@Comment                   Critical Saint for Today~-- Ask a~Marian},
@Comment   year =	 2021,
@Comment   url =		 {https://www.youtube.com/watch?v=q0PAC9qTc_E},
@Comment   urldate =	 {17-VIII-2024},
@Comment }










@Comment #############################################################
@Comment
@Comment #############################################################


@Comment @online{ Gray-Former-Freemason-Explains-ETC-Part-I-Ver-2021,
@Comment   author =	 {David L. Gray},
@Comment   title =	 {Former Freemason Explains Freemasonry. Part~I},
@Comment   year =	 2021,
@Comment   url =
@Comment                   {https://onepeterfive.com/former-freemason-explains-freemasonry-pt-1/},
@Comment   urldate =	 {03-VIII-2024},
@Comment }



@Comment @online{ Gray-Former-Freemason-Explains-ETC-Part-II-Ver-2022,
@Comment   author =	 {David L. Gray},
@Comment   title =	 {Former Freemason Explains Freemasonry. Part~II},
@Comment   year =	 2022,
@Comment   url =
@Comment                   {https://onepeterfive.com/former-freemason-explains-freemasonry-pt-2/},
@Comment   urldate =	 {03-VIII-2024},
@Comment }



@Comment @online{ Gray-Freemasonry-and-Black-Americans-ETC-Ver-2022,
@Comment   author =	 {David L. Gray},
@Comment   title =	 {Freemasonry and Black Americans: the Prince Hall Sect},
@Comment   year =	 2022,
@Comment   url =		 {https://onepeterfive.com/freemasonry-and-black-americans-the-prince-hall-sect/},
@Comment   urldate =	 {01-VIII-2024},
@Comment   note =	 {One Peter Five},
@Comment }












@Comment #############################################################
@Comment
@Comment #############################################################


@Comment @online{ Chmielewski-Polit-Tylkowski-Chiny-Franciszek-ETC-Ver-2024,
@Comment   author =	 {Paweł Chmielewski and Jakub Polit and Marek
@Comment                   Tylkowski},
@Comment   title =	 {Chiny, Franciszek i~Katolicy~-- porozumienie
@Comment                   Watykanu z~Chinami z~perspektywy katolików
@Comment                   w~Chinach},
@Comment   year =	 2024,
@Comment   url =		 {https://www.youtube.com/watch?v=1Tfrz-Y1xL8},
@Comment   urldate =	 {23-VII-2024},
@Comment }










@Comment #############################################################
@Comment
@Comment #############################################################


@Comment @online{ The-Barret-Brief-Grant-Did-George-Washington-Convert-ETC-Ver-2019,
@Comment   author =	 {The Barret Brief and Ryan Grant},
@Comment   title =	 {Did George Washington Convert to~Catholicism?},
@Comment   year =	 2019,
@Comment   url =		 {https://www.youtube.com/watch?v=r8pxtz-_HhI},
@Comment   urldate =	 {28-VII-2024},
@Comment }



@Comment @online{ CFN-The-American-Founding-The-Catholic-prespective-Ver-2024,
@Comment   author =	 {Catholic Family News},
@Comment   title =	 {The~American Founding: The Catholic perspective},
@Comment   year =	 2024,
@Comment   url =		 {https://www.youtube.com/watch?v=v0F6pCIiXIE},
@Comment   urldate =	 {21-VII-2024},
@Comment }



@Comment @online{ CFN-Is-Tim-Walz-a-Catholic-Apostate-Ver-2024,
@Comment   author =	 {Catholic Family News},
@Comment   title =	 {Is~Tim Waltz a~Catholic Apostate?},
@Comment   year =	 2024,
@Comment   url =		 {https://www.youtube.com/watch?v=j1LZ1swbS5U},
@Comment   urldate =	 {11-VIII-2024},
@Comment }



@Comment @online{ CHNI-How-I-Discovered-I-Was-Protestant-ETC-Ver-2024,
@Comment   author =	 {The~Coming Home Network International},
@Comment   title =	 {How~I Discovered I~Was Protestant~-- Soren Johnson},
@Comment   year =	 2024,
@Comment   url =		 {https://www.youtube.com/watch?v=e_pu0OnPPwo},
@Comment   urldate =	 {16-VIII-2024},
@Comment }



@Comment @online{ Flynn-Eucharistic-coherence-round-2-Ver-2024,
@Comment   author =	 {J.D. Flynn},
@Comment   title =	 {Eucharistic coherence, round~2?},
@Comment   year =	 2024,
@Comment   url =
@Comment                   {https://www.pillarcatholic.com/p/eucharistic-coherence-round-2},
@Comment   urldate =	 {12-VIII-2024},
@Comment   note =	 {The~Pillar},
@Comment }



@Comment @online{ Grant-St-Robert-Bellarmine-Herald-ETC-Part-I-Ver-2021,
@Comment   author =	 {Ryan Grant},
@Comment   title =	 {St.~Robert Bellarmine: Herald~od Republics? Part~I},
@Comment   year =	 2021,
@Comment   url =
@Comment                   {https://catholicfamilynews.com/blog/2021/10/01/st-robert-bellarmine-herald-of-republics-part-i/},
@Comment   urldate =	 {21-VII-2024},
@Comment   note =	 {Catholic Family News},
@Comment }



@Comment @online{ Grant-St-Robert-Bellarmine-Herald-ETC-Part-II-Ver-2021,
@Comment   author =	 {Ryan Grant},
@Comment   title =	 {St.~Robert Bellarmine: Herald~od Republics? Part~II},
@Comment   year =	 2021,
@Comment   url =
@Comment                   {https://catholicfamilynews.com/blog/2021/10/08/st-robert-bellarmine-herald-of-republics-part-ii/},
@Comment   urldate =	 {28-VII-2024},
@Comment   note =	 {Catholic Family News},
@Comment }



@Comment @online{ -Part-II-Ver-2021,
@Comment   author =	 {},
@Comment   title =	 {},
@Comment   year =	 2021,
@Comment   url =		 {},
@Comment   urldate =	 {21-VII-2024},
@Comment   note =	 {},
@Comment }



@Comment @online{ Haley-The-Manosphere-Doesnt-Solve--ETC-Ver-2024,
@Comment   author =	 {Bradley Haley},
@Comment   title =	 {The Manosphere Doesn't Solve the Masculinity Crisis},
@Comment   year =	 2024,
@Comment   url =
@Comment                   {https://crisismagazine.com/opinion/the-manosphere-doesnt-solve-the-masculinity-crisis},
@Comment   urldate =	 {09-VIII-2024},
@Comment   note =	 {Crisis Magazine},
@Comment }



@Comment @online{ Hall-How-the-Pro-Life-Movement-Has-Been-a-Trojan-Horse-ETC-Ver-2024,
@Comment   author =	 {Kennedy Hall},
@Comment   title =	 {How the~Pro-Life Movement Has Been a~Trojan Horse
@Comment                   for a~Greater Sin},
@Comment   year =	 2024,
@Comment   url =
@Comment                   {https://crisismagazine.com/opinion/how-the-pro-life-movement-has-been-a-trojan-horse-for-a-greater-sin},
@Comment   urldate =	 {26-VII-2024},
@Comment   note =	 {Crisis Magazine},
@Comment }



@Comment @online{ Marco-The-National-Eucharistic-Congress-ETC-Ver-2024,
@Comment   author =	 {Rob Marco},
@Comment   title =	 {The~National Eucharistic Congress: It's not about
@Comment                   Jesus},
@Comment   year =	 2024,
@Comment   url =
@Comment                   {https://crisismagazine.com/opinion/the-national-eucharistic-congress-its-not-about-jesus},
@Comment   urldate =	 {22-VII-2024},
@Comment   note =	 {Crisis Magazine},
@Comment }



@Comment @online{ Reno-Should-Catholics-Fear-Ending-Separation-Ver-2024,
@Comment   author =	 {R.R. Reno},
@Comment   title =	 {Should Catholics Fear Ending Separation?},
@Comment   year =	 2024,
@Comment   url =		 {https://www.youtube.com/watch?v=ff70SsNT2xc},
@Comment   urldate =	 {12-VIII-2024},
@Comment   note =	 {National Conservatism; NatCon~4},
@Comment }



@Comment @online{ Sammons-The-troubling-kinship-of-Bishop-Barron-ETC-Ver-2020,
@Comment   author =	 {Eric Sammons},
@Comment   title =	 {The~troubling kinship~of Bishop Barron and Father
@Comment                   Martin},
@Comment   year =	 2020,
@Comment   url =
@Comment                   {https://crisismagazine.com/opinion/the-troubling-kinship-of-bishop-barron-and-father-martin},
@Comment   urldate =	 {21-VII-2024},
@Comment   note = {Crisis Magazine},
@Comment }



@Comment @online{ StarQuest-Media-Charles-Carroll-only-Catholic-ETC-Ver-2021,
@Comment   author =	 {StarQuest Media},
@Comment   title =	 {Charles Carroll, only Catholic signer~of the
@Comment                   Declaration~of Independence. American Catholic
@Comment                   History},
@Comment   year =	 2021,
@Comment   url =		 {https://www.youtube.com/watch?v=OA8BatGMaMU},
@Comment   urldate =	 {11-VIII-2024},
@Comment }



@Comment @online{ StarQuest-Media-Did-George-Washington-become-Catholic-ETC-Ver-2021,
@Comment   author =	 {StarQuest Media},
@Comment   title =	 {Did George Washington become Catholic? American
@Comment                   Catholic History},
@Comment   year =	 2021,
@Comment   url =		 {https://www.youtube.com/watch?v=_7PNnv9_8Xo},
@Comment   urldate =	 {11-VIII-2024},
@Comment }



@Comment @online{ StarQuest-Media-Jack-Kerouac-American-Catholic-ETC-Ver-2022,
@Comment   author =	 {StarQuest Media},
@Comment   title =	 {Jack Kerouac. American Catholic History},
@Comment   year =	 2022,
@Comment   url =		 {https://www.youtube.com/watch?v=J_KLUruZONY},
@Comment   urldate =	 {11-VIII-2024},
@Comment }



@Comment @online{ StarQuest-Media-Yogi-Berra-Philosopher-ETC-Ver-2020,
@Comment   author =	 {StarQuest Media},
@Comment   title =	 {Yogi Berra: Philosopher, Ballplayer, Catholic.
@Comment                   American Catholic History},
@Comment   year =	 2020,
@Comment   url =		 {https://www.youtube.com/watch?v=Nz_pD-PT55o},
@Comment   urldate =	 {11-VIII-2024},
@Comment }










@Comment ###############################
@Comment Bishop Robert Barron
@Comment ###############################


@online{ Barron-Bishop-Barron-on-theology-of-Hans-Urs-ETC-Part-I-Ver-2014,
  author =	 {Bishop Robert Barron},
  title =	 {Bishop Barron on theology~of Hans Urs von Balthasar.
                  Part~I},
  year =	 2014,
  url =		 {https://www.youtube.com/watch?v=uqSenlCcFws},
  urldate =	 {27-VII-2024},
}



@online{ Barron-Bishop-Barron-on-theology-of-Hans-Urs-ETC-Part-II-Ver-2014,
  author =	 {Bishop Robert Barron},
  title =	 {Bishop Barron on theology~of Hans Urs von Balthasar.
                  Part~II},
  year =	 2014,
  url =		 {https://www.youtube.com/watch?v=A1RUtNmsHWU},
  urldate =	 {27-VII-2024},
}






@Comment #############################################################
@Comment The Holy Faith and politics
@Comment #############################################################


@online{ Acton-Institute-Debate-Sebastian-Morello-vs-ETC-Ver-2024,
  author =	 {Acton Institute},
  title =	 {Debate: Sebastian Morello vs. Kevin Vallier.
                  Christianity and the State},
  year =	 2024,
  url =		 {https://www.youtube.com/watch?v=vsPZG3q0rNc},
  urldate =	 {15-VIII-2024},
}



@online{ Hernandez-Ver-2024,
  author =	 {Josué Luis Hernández},
  title =	 {},
  year =	 2024,
  url =		 {},
  urldate =	 {11-VIII-2024},
  note = {One Peter Five},
}



@online{ Hernandez-Ver-2024,
  author =	 {Josué Luis Hernández},
  title =	 {},
  year =	 2024,
  url =		 {},
  urldate =	 {11-VIII-2024},
  note = {One Peter Five},
}




@Comment #############################################################
@Comment
@Comment #############################################################








@Comment #############################################################
@Comment Vaticanum II
@Comment #############################################################


@online{ Flynn-Gaudium-et-Spes-60-years-later-Ver-2024,
  author =	 {J.D. Flynn},
  title =	 {Gaudium et Spes: 60 years later},
  year =	 2024,
  url =		 {https://www.youtube.com/watch?v=xpZqoz3NXiQ},
  urldate =	 {22-VII-2024},
}



@online{ Healy-Theology-of-the-Bishop-in-ETC-Ver-2024,
  author =	 {Nicholas Healy},
  title =	 {Theology~of the~Bishop in~the~Communio Theology~of
                  Vatican~II},
  year =	 2024,
  url =		 {https://www.youtube.com/watch?v=ai-ys8_KWmw},
  urldate =	 {25-VII-2024},
}