@Comment #############################################################
@Comment #############################################################
@Comment Theology. Netography
@Comment #############################################################
@Comment #############################################################



@Comment #############################################################
@Comment XIX and XX century theology
@Comment #############################################################


@online{ Love-Unrelenting-Hans-Urs-von-Balthasars-Hopeful-ETC-Ver-2022,
  author =	 {Love Unrelenting},
  title =	 {Hans Urs von Balthasar's Hopeful Universalism~--
                  Jordan Daniel Wood},
  year =	 2022,
  url =		 {https://www.youtube.com/watch?v=_vkQdPXI2LM},
  urldate =	 {06-IX-2024},
}










@Comment #############################################################
@Comment XX and XXI century theology
@Comment #############################################################


@online{ Catholic-Culture-Fr-John-Saward-on-turning-ETC-Ver-2024,
  author =	 {Catholic Culture},
  title =	 {Fr.~John Saward on~turning away from von~Balthasar,
                  and~on the~invisible world~of angels. Ep.~172},
  year =	 2024,
  url =		 {https://www.youtube.com/watch?v=WvCftA0RNi4},
  urldate =	 {27-VII-2024},
}



@online{ -ETC-Ver-2023,
  author =	 {},
  title =	 {},
  year =	 2023,
  url =		 {https://www.youtube.com/watch?v=j0Tf_oWchsI},
  urldate =	 {23-VII-2024},
}



@online{ -ETC-2023,
  author =	 {},
  title =	 {},
  year =	 2023,
  url =		 {https://www.youtube.com/watch?v=BH-CEWfSv78},
  urldate =	 {17-VIII-2024},
}



@online{ -ETC-Ver-2021,
  author =	 {},
  title =	 {},
  year =	 2021,
  url =		 {https://www.youtube.com/watch?v=TSfSHVYqDhg},
  urldate =	 {02-IX-2024},
}



@online{ -ETC-Ver-2021,
  author =	 {},
  title =	 {},
  year =	 2021,
  url =		 {https://www.youtube.com/watch?v=VNreY29xfoE},
  urldate =	 {02-IX-2024},
}



@online{ -ETC-Ver-2020,
  author =	 {},
  title =	 {},
  year =	 2020,
  url =		 {https://www.youtube.com/watch?v=lbHL-56V6tU},
  urldate =	 {25-VII-2024},
}



@online{ -ETC-Ver-2023,
  author =	 {},
  title =	 {},
  year =	 2023,
  url =		 {https://www.youtube.com/watch?v=BxqtRAOAXYU},
  urldate =	 {23-VII-2024},
}



@online{ -ETC-2022,
  author =	 {},
  title =	 {},
  year =	 2022,
  url =		 {https://www.youtube.com/watch?v=xLPOQQGFN7Y},
  urldate =	 {23-VII-2024},
  note =	 {The~Counsel~of Trent},
}



@online{ -ETC-Ver-2022,
  author =	 {},
  title =	 {},
  year =	 2022,
  url =		 {https://www.youtube.com/watch?v=HomoISXpLCo},
  urldate =	 {11-VIII-2024},
}



@online{ -ETC-Ver-2024,
  author =	 {},
  title =	 {},
  year =	 2024,
  url =		 {https://www.youtube.com/watch?v=7dlZpXsOObQ},
  urldate =	 {11-VIII-2024},
}



@online{ -in-ETC-Ver-2021,
  author =	 {},
  title =	 {},
  year =	 2021,
  url =		 {https://www.youtube.com/watch?v=-I8YttlYqVg},
  urldate =	 {27-VIII-2024},
}



@online{ -Ver-2024,
  author =	 {},
  title =	 {},
  year =	 2024,
  url =		 {https://www.youtube.com/watch?v=a1yXqwbgVqY},
  urldate =	 {29-VII-2024},
}



@online{ -ETC-Ver-2023,
  author =	 {},
  title =	 {},
  year =	 2023,
  url =		 {https://www.youtube.com/watch?v=BxqtRAOAXYU},
  urldate =	 {14-VIII-2024},
}



@online{ -Ver-2024,
  author =	 {},
  title =	 {},
  year =	 2024,
  url =		 {https://www.youtube.com/watch?v=xpZqoz3NXiQ},
  urldate =	 {03-VIII-2024},
}










@Comment #############################################################
@Comment XX and XXI century theology
@Comment #############################################################


@online{ Schindler-Redeeming-Work-On-Techne-as-an-ETC-Ver-2020,
  author =	 {D.C. Schindler},
  title =	 {Redeeming Work: On~Techne as~an~Encounter Between
                  God, Man \&~the~Work},
  year =	 2020,
  url =		 {https://www.youtube.com/watch?v=7dlZpXsOObQ},
  urldate =	 {15-IX-2024},
  note =	 {John Paul~II Institute},
}



@online{ -ETC-Ver-2023,
  author =	 {},
  title =	 {},
  year =	 2023,
  url =		 {https://www.youtube.com/watch?v=Vm-RUWHp8pg},
  urldate =	 {17-VIII-2024},
}










@Comment #############################################################
@Comment XX and XXI century theology
@Comment #############################################################


@online{ Criss-Magazine-Is-Amoris-Laetitia-Orthodox-Ver-2022,
  author =	 {Crisis Magazine},
  title =	 {Is "Amoris Laetitia" Orthodox? Guest: Dr.~Eduardo
                  Echeverria},
  year =	 2022,
  url =		 {https://www.youtube.com/watch?v=WvCftA0RNi4},
  urldate =	 {10-IX-2024},
}



@online{ -ETC-Ver-2024,
  author =	 {},
  title =	 {},
  year =	 2024,
  url =		 {https://www.youtube.com/watch?v=MvHxP8BE5aY},
  urldate =	 {03-VIII-2024},
  note =	 {PCh24TV~-- Polonia Christiana},
}



@online{ -ETC-Ver-2024,
  author =	 {},
  title =	 {},
  year =	 2024,
  url =		 {https://www.youtube.com/watch?v=WvCftA0RNi4},
  urldate =	 {01-VIII-2024},
  note =	 {Saint Dominic's Media},
}











@Comment #############################################################
@Comment
@Comment #############################################################


@online{ -Ver-2024,
  author =	 {},
  title =	 {},
  year =	 2023,
  url =		 {},
  urldate =	 {22-VII-2024},

}










@Comment #############################################################
@Comment
@Comment #############################################################


@Comment @online{ -Ver-2024,
@Comment   author =	 {},
@Comment   title =	 {},
@Comment   year =	 2024,
@Comment   url =		 {},
@Comment   urldate =	 {22-VII-2024},
@Comment }










@Comment #############################################################
@Comment
@Comment #############################################################


@Comment @online{ -Ver-2024,
@Comment   author =	 {},
@Comment   title =	 {},
@Comment   year =	 2024,
@Comment   url =		 {},
@Comment   urldate =	 {22-VII-2024},
@Comment }










@Comment #############################################################
@Comment
@Comment #############################################################


@online{ -ETC-Ver-2021,
  author =	 {},
  title =	 {},
  year =	 2021,
  url =		 {https://www.youtube.com/watch?v=q0PAC9qTc_E},
  urldate =	 {17-VIII-2024},
}










@Comment #############################################################
@Comment
@Comment #############################################################


@online{ -Part-I-Ver-2021,
  author =	 {},
  title =	 {},
  year =	 2021,
  url =
                  {https://onepeterfive.com/former-freemason-explains-freemasonry-pt-1/},
  urldate =	 {03-VIII-2024},
}



@online{ -Part-II-Ver-2022,
  author =	 {},
  title =	 {},
  year =	 2022,
  url =
                  {https://onepeterfive.com/former-freemason-explains-freemasonry-pt-2/},
  urldate =	 {03-VIII-2024},
}



@online{ -ETC-Ver-2022,
  author =	 {},
  title =	 {},
  year =	 2022,
  url =		 {https://onepeterfive.com/freemasonry-and-black-americans-the-prince-hall-sect/},
  urldate =	 {01-VIII-2024},
  note =	 {One Peter Five},
}










@Comment #############################################################
@Comment
@Comment #############################################################


@article{ -ETC-Pub-2019,
  author =	 {},
  title =	 {},
  journal =	 {American Catholic Philosophical Quarterly},
  year =	 {2019},
  volume =	 {93},
  number =	 {3},
  pages =	 {445--482},
  doi =		 {10.5840/acpq2019514179},
}










@Comment #############################################################
@Comment
@Comment #############################################################


@online{ -ETC-Ver-2021,
  author =	 {},
  title =	 {},
  year =	 2021,
  url =		 {https://www.youtube.com/watch?v=ePUP1jB5TaA},
  urldate =	 {26-VIII-2024},
}










@Comment #############################################################
@Comment
@Comment #############################################################


@online{ -ETC-Ver-2024,
  author =	 {},
  title =	 {},
  year =	 2024,
  url =		 {https://www.youtube.com/watch?v=1Tfrz-Y1xL8},
  urldate =	 {23-VII-2024},
}










@Comment #############################################################
@Comment
@Comment #############################################################


@online{ -ETC-Ver-2024,
  author =	 {},
  title =	 {},
  year =	 2024,
  url =		 {https://www.youtube.com/watch?v=jaaMHND2vfc},
  urldate =	 {23-VIII-2024},
}










@Comment #############################################################
@Comment
@Comment #############################################################


@online{ -ETC-Ver-2019,
  author =	 {},
  title =	 {},
  year =	 2019,
  url =		 {https://www.youtube.com/watch?v=r8pxtz-_HhI},
  urldate =	 {28-VII-2024},
}



@online{ -Ver-2024,
  author =	 {},
  title =	 {},
  year =	 2024,
  url =		 {https://www.youtube.com/watch?v=v0F6pCIiXIE},
  urldate =	 {21-VII-2024},
}



@online{ -Ver-2024,
  author =	 {},
  title =	 {},
  year =	 2024,
  url =		 {https://www.youtube.com/watch?v=j1LZ1swbS5U},
  urldate =	 {11-VIII-2024},
}



@online{ -ETC-Ver-2024,
  author =	 {},
  title =	 {},
  year =	 2024,
  url =		 {https://www.youtube.com/watch?v=e_pu0OnPPwo},
  urldate =	 {16-VIII-2024},
}



@online{ -2-Ver-2024,
  author =	 {},
  title =	 {},
  year =	 2024,
  url =
                  {https://www.pillarcatholic.com/p/eucharistic-coherence-round-2},
  urldate =	 {12-VIII-2024},
  note =	 {The~Pillar},
}



@online{ -Part-I-Ver-2021,
  author =	 {},
  title =	 {},
  year =	 2021,
  url =
                  {https://catholicfamilynews.com/blog/2021/10/01/st-robert-bellarmine-herald-of-republics-part-i/},
  urldate =	 {21-VII-2024},
  note =	 {Catholic Family News},
}



@online{ -Part-II-Ver-2021,
  author =	 {},
  title =	 {},
  year =	 2021,
  url =
                  {https://catholicfamilynews.com/blog/2021/10/08/st-robert-bellarmine-herald-of-republics-part-ii/},
  urldate =	 {28-VII-2024},
  note =	 {Catholic Family News},
}



@online{ -ETC-Ver-2024,
  author =	 {},
  title =	 {},
  year =	 2024,
  url =
                  {https://crisismagazine.com/opinion/the-manosphere-doesnt-solve-the-masculinity-crisis},
  urldate =	 {09-VIII-2024},
  note =	 {Crisis Magazine},
}



@online{ -ETC-Ver-2024,
  author =	 {},
  title =	 {},
  year =	 2024,
  url =
                  {https://crisismagazine.com/opinion/how-the-pro-life-movement-has-been-a-trojan-horse-for-a-greater-sin},
  urldate =	 {26-VII-2024},
  note =	 {Crisis Magazine},
}



@online{ -Ver-2024,
  author =	 {},
  title =	 {},
  year =	 2024,
  url =
                  {https://www.saintdominicsmedia.com/war-and-obscenity-the-dark-side-of-american-ideals/},
  urldate =	 {05-IX-2024},
  note =	 {Saint Dominic's Media},
}



@online{ -ETC-Ver-2024,
  author =	 {},
  title =	 {},
  year =	 2024,
  url =
                  {https://crisismagazine.com/opinion/the-national-eucharistic-congress-its-not-about-jesus},
  urldate =	 {22-VII-2024},
  note =	 {Crisis Magazine},
}



@online{ -Ver-2024,
  author =	 {},
  title =	 {},
  year =	 2024,
  url =		 {https://www.youtube.com/watch?v=ff70SsNT2xc},
  urldate =	 {12-VIII-2024},
  note =	 {National Conservatism; NatCon~4},
}



@online{ Sammons-The-troubling-kinship-of-Bishop-Barron-ETC-Ver-2020,
  author =	 {Eric Sammons},
  title =	 {The~troubling kinship~of Bishop Barron and Father
                  Martin},
  year =	 2020,
  url =
                  {https://crisismagazine.com/opinion/the-troubling-kinship-of-bishop-barron-and-father-martin},
  urldate =	 {21-VII-2024},
  note = {Crisis Magazine},
}



@online{ -ETC-Ver-2021,
  author =	 {},
  title =	 {},
  year =	 2021,
  url =		 {https://www.youtube.com/watch?v=OA8BatGMaMU},
  urldate =	 {11-VIII-2024},
}



@online{ -ETC-Ver-2021,
  author =	 {},
  title =	 {},
  year =	 2021,
  url =		 {https://www.youtube.com/watch?v=_7PNnv9_8Xo},
  urldate =	 {11-VIII-2024},
}



@online{ -ETC-Ver-2022,
  author =	 {},
  title =	 {},
  year =	 2022,
  url =		 {https://www.youtube.com/watch?v=J_KLUruZONY},
  urldate =	 {11-VIII-2024},
}



@online{ -ETC-Ver-2020,
  author =	 {},
  title =	 {},
  year =	 2020,
  url =		 {https://www.youtube.com/watch?v=Nz_pD-PT55o},
  urldate =	 {11-VIII-2024},
}










@Comment @Comment ###############################
@Comment @Comment Bishop Robert Barron
@Comment @Comment ###############################


@online{ -Ver-2014,
  author =	 {},
  title =	 {},
  year =	 2014,
  url =		 {https://www.youtube.com/watch?v=uqSenlCcFws},
  urldate =	 {27-VII-2024},
}



@online{ -Ver-2014,
  author =	 {},
  title =	 {},
  year =	 2014,
  url =		 {https://www.youtube.com/watch?v=A1RUtNmsHWU},
  urldate =	 {27-VII-2024},
}






@Comment #############################################################
@Comment
@Comment #############################################################


@online{ -ETC-Ver-2024,
  author =	 {},
  title =	 {},
  year =	 2024,
  url =		 {https://www.youtube.com/watch?v=vsPZG3q0rNc},
  urldate =	 {15-VIII-2024},
}



@online{ -Ver-2023,
  author =	 {},
  title =	 {},
  year =	 2023,
  url =		 {https://www.youtube.com/watch?v=fCrf5dzlhLI},
  urldate =	 {26-VIII-2024},
}



@online{ Hernandez-Ver-2024,
  author =	 {Josué Luis Hernández},
  title =	 {},
  year =	 2024,
  url =		 {},
  urldate =	 {11-VIII-2024},
}



@online{ -Ver-2024,
  author =	 {},
  title =	 {},
  year =	 2024,
  url =		 {},
  urldate =	 {11-VIII-2024},
}










@Comment #############################################################
@Comment
@Comment #############################################################


@online{ -Ver-2022,
  author =	 {},
  title =	 {},
  year =	 2022,
  url =		 {https://www.youtube.com/watch?v=_vkQdPXI2LM},
  urldate =	 {18-VIII-2024},
  note =	 {Love Unrelenting},
}










@Comment #############################################################
@Comment
@Comment #############################################################


@online{ -later-Ver-2024,
  author =	 {},
  title =	 {},
  year =	 2024,
  url =		 {https://www.youtube.com/watch?v=xpZqoz3NXiQ},
  urldate =	 {22-VII-2024},
}



@online{ -ETC-Ver-2024,
  author =	 {},
  title =	 {},
  year =	 2024,
  url =		 {https://www.youtube.com/watch?v=ai-ys8_KWmw},
  urldate =	 {25-VII-2024},
}