@Comment ##############################################################
@Comment ##############################################################
@Comment Various Religious Works, books
@Comment ##############################################################
@Comment ##############################################################
