@Comment #############################################################
@Comment #############################################################
@Comment #############################################################
@Comment DEUS
@Comment #############################################################
@Comment #############################################################
@Comment #############################################################



@Comment #############################################################
@Comment #############################################################
@Comment Nova et Vetera
@Comment #############################################################
@Comment #############################################################


@article{ Austriaco-Theological-Fittingness-ETC-Pub-2015,
  author =	 {Nicanor Pier Giorgio Austriaco, O.P.},
  title =	 {A~Theological Fittingness Argument
		  for~the~Historicity~of the~Fall~of \textit{Homo
		  Sapiens}},
  journal =	 {Nova et Vetera, English Edition},
  year =	 2015,
  volume =	 13,
  number =	 3,
  pages =	 {651--667},
}



@article{ Dewan-St-Thomas-Norman-Kretzmann-ETC-Pub-2006,
  author =	 {Lawrence Dewan, O.P.},
  title =	 {St.~Thomas, Norman Kretzmann, and Divine Freedom
		  in~Creating},
  journal =	 {Nova et~Vetera, English Edition},
  year =	 2006,
  volume =	 4,
  number =	 3,
  pages =	 {495--514},
}



@article{ Farrow-Backing-Bricks-For-Babel-Pub-2010,
  author =	 {Douglas Farrow},
  title =	 {Baking Bricks~of Babel?},
  journal =	 {Nova et~Vetera, English Edition},
  year =	 2007,
  volume =	 8,
  number =	 4,
  pages =	 {745--762},
}



@article{ Mansini-Lonergan-on-natural-desire-ETC-Pub-2007,
  author =	 {Guy Mansini, O.S.B.},
  title =	 {Lonergan on~the~Natural Desire in~the~Light~of
		  Feingold},
  journal =	 {Nova et~Vetera, English Edition},
  year =	 2007,
  volume =	 5,
  number =	 1,
  pages =	 {185--198},
}



@article{ Martin-Post-Christendom-Sacramental-Crisis-ETC-Pub-2013,
  author =	 {Ralph Martin},
  title =	 {The~Post-Christendom Sacramental Crisis: The~Wisdom
                  of Thomas Aquinas},
  journal =	 {Nova et~Vetera, English Edition},
  year =	 2013,
  volume =	 11,
  number =	 1,
  pages =	 {57--75},
}



@article{ Morerod-Identity-of-Nova-et-Vetera-Pub-2011,
  author =	 {Charles Morerod, O.P.},
  title =	 {The~Identity~of \textit{Nova et~Vera}},
  journal =	 {Nova et~Vetera, English Edition},
  year =	 2011,
  volume =	 9,
  number =	 1,
  pages =	 {11--25},
}



@article{ Weigel-Rescuing-Gaudium-Et-Spes-ETC-Pub-2010,
  author =	 {George Weigel},
  title =	 {Resciung \textit{Gaudium et~Spes}: The~New Humanism~of
                  John Paul~II},
  journal =	 {Nova et~Vetera, English Edition},
  year =	 2010,
  volume =	 8,
  number =	 2,
  pages =	 {251--267},
}










@Comment #############################################################
@Comment #############################################################
@Comment Rocznik Tomistyczny
@Comment #############################################################
@Comment #############################################################


@article{ Mandrela-Tomistyczna-filozofia-bytu-ETC-Pub-2015,
  author =	 {Anna Mandreala},
  title =	 {Tomistyczna filozofia bytu i~buddyjska filozofia
                  pustki},
  journal =	 {Rocznik Tomistyczny},
  year =	 2015,
  volume =	 4,
  pages =	 {215--238},
}










@Comment #############################################################
@Comment #############################################################
@Comment Natural sciences
@Comment #############################################################
@Comment #############################################################


@article{ Tabaczek-What-Do-God-and-Creatures-Really-ETC-Pub-2019,
  author =	 {Mariusz Tabaczek OP},
  title =	 {What Do God and~Creatures Really Do
                  in~an~Evolutionary Change? Divine Concurrence
                  and~Transformism From the~Thomistic Perspective
                  in~Advance},
  journal =	 {American Catholic Philosophical Quarterly},
  year =	 {2019},
  volume =	 {93},
  number =	 {3},
  pages =	 {445--482},
  doi =		 {10.5840/acpq2019514179},
}










@Comment #############################################################
@Comment Various articles on the Holy Faith and philosophy
@Comment #############################################################


@article{ Portier-Twentieth-Century-Catholic-Theology-ETC,
  author =	 {William L. Portier},
  title =	 {Twentieth-Century Catholic Theology and The Triumph
                  of Maurice Blondel},
  journal =	 {{}},
  year =	 {{}},
  volume =	 {{}},
  number =	 {{}},
  pages =	 {{}},
}
