@Comment #############################################################
@Comment #############################################################
@Comment Various works connected to the Holy Faith, books
@Comment #############################################################
@Comment #############################################################



@Comment #############################################################
@Comment Analysis of the Holy Faith, religions and culture
@Comment #############################################################


@book{ Red-Krzywdzinska-Polska-Rosja-W-sferze-ETC-Pub-2016,
  editor =	 {Agata Krzywdzińska},
  title =	 {Polska--Rosja. W~sferze kultury i~religii. Wybrane
		  problemy},
  publisher =	 {Wydawnictwo Uniwersytetu Jagiellońskiego},
  address =	 {Kraków},
  year =	 2016,
  edition =	 {I},
}










@Comment #############################################################
@Comment Collections of articles connected to the Holy Faith
@Comment #############################################################


@book{ Ks-Tischner-Nieszczesny-dar-wolnosci-Pub-1996,
  author =	 {Ks.~Józef Tischner},
  title =	 {Nieszczęsny dar wolności},
  publisher =	 {ZNAK},
  address =	 {Kraków},
  year =	 1996,
  edition =	 {II},
}










@Comment #############################################################
@Comment Philosophical inquary, analysis and reflections
@Comment on the Holy Faith
@Comment #############################################################



@Comment #########################################
@Comment Philosophical inquary, analysis and reflections on the Holy Faith,
@Comment period 1848--1914
@Comment #########################################










@Comment ###############################
@Comment Philosophical inquary, analysis and reflections on the holy faith,
@Comment period 1914-2000
@Comment ###############################


@book{ Chesterton-Wiekuisty-czlowiek,
  author =	 {Gilbert Keith Chesterton},
  title =	 {Wiekuisty Człowiek},
  publisher =	 {Fronda sp. z~o.o., Apostolicum},
  address =	 {Warszawa-Ząbki},
  year =	 {Brak daty},
  edition =	 {I},
  note =	 {Tłum. Magda Sobolewska},
}










@Comment ###############################
@Comment Philosophical inquary, analysis and reflections on the Holy Faith,
@Comment period after 1945
@Comment ###############################


@book{ Balthasar-Burzenie-bastionow-Pub-2000,
  author =	 {Hans Urs von Balthasar},
  title =	 {Burzenie bastionów},
  publisher =	 {Wydawnictwo WAM},
  address =	 {Kraków},
  year =	 2000,
  edition =	 {I},
  note =	 {Tłum. Ks. Jerzy Zakrzewski SJ, Ewa Marszał},
  series =	 {Problemy Teologiczne},
  volume =	 7,
}



@book{ Guardini-Koniec-Czasow-ETC-Pub-1969,
  author =	 {Romano Guardini},
  title =	 {Koniec czasów nowożytnych. Świat i~osoba. Wolność,
		  łaska, los},
  publisher =	 {Wydawnictwo ZNAK},
  address =	 {Kraków},
  year =	 1969,
  edition =	 {I},
  note =	 {Tłum. Zofia Włodkowa, Maria Turowicz, Janusz
		  Bronowicz},
}



@book{ Weigel-Uswiecic-swiat-Pub-2023,
  author =	 {George Weigel},
  title =	 {Uświęcić świat. Istotne dziedzictwo Soboru
                  Watykańskiego~II},
  publisher =	 {Wydawnictwo Esprit},
  address =	 {Kraków},
  year =	 2023,
  edition =	 {I},
  note =	 {Tłum. Dominika Krupińska},
}










@Comment ###############################
@Comment Philosophical inquary, analysis and reflections on the Holy Faith,
@Comment period after 1962
@Comment ###############################


@book{ Amerio-Iota-Unum,
  author =	 {Romano Amerio},
  title =	 {Iota Unum. Analiza zmian w~Kościele Katolickim},
  publisher =	 {Wydawnictwo Antyk Marcin Dybowski},
  address =	 {Komorów},
  year =	 {Brak daty},
  note =	 {Tłum. anonimowe},
}



@book{ Davies-Sobor-Watykanski-II-a-wolnosc-Pub-2002,
  author =	 {Michael Davies},
  title =	 {Sobór Watykański~II a~wolność religijna},
  publisher =	 {Te Deum},
  address =	 {Warszawa},
  year =	 2002,
  edition =	 {I},
}



@book{ Hildebrand-Kon-trojanski-ETC-Pub-2006,
  author =	 {Dietrich von~Hildebrand},
  title =	 {Koń trojański w~Mieście Boga},
  publisher =	 {Fronda PL Sp. z~o.o., Apostolicum},
  address =	 {Warszawa~-- Ząbki},
  year =	 2006,
  edition =	 {II},
  series =	 {Fides \&~Ratio},
  note =	 {Tłum. Jerzy Wocial},
}



@book{ Hildebrand-Spustoszona-winnica-Pub-2006,
  author =	 {Dietrich von~Hildebrand},
  title =	 {Spustoszona winnica},
  publisher =	 {Fronda PL Sp. z~o.o., Apostolicum},
  address =	 {Warszawa~-- Ząbki},
  year =	 2006,
  edition =	 {II},
  series =	 {Fides \& Ratio},
  note =	 {Tłum. Tomasz G.~Pszczółkowski},
}



@book{ Jones-Rebelia-Pub-2019,
  author =	 {E.~Michael Jones},
  title =	 {Rebelia. Kościół Katolicki i~kulturowa rewolucja},
  publisher =	 {Wydawnictwo Wektory},
  address =	 {Wrocław},
  year =	 2019,
  edition =	 {I},
  note =	 {Tłum. Jan Przybył},
}



@book{ Maritain-Wiesniak-znad-Garonny-Pub-2017,
  author =	 {Jacques Maritain},
  title =	 {Wieśniak znad Garonny. Stary świecki chrześcijanin
                  snuje refleksje \emph{\`{a}~propos} czasów
                  współczesnych},
  publisher =	 {W~drodze sp. z~o.o.},
  address =	 {Poznań},
  year =	 2017,
  edition =	 {I},
  note =	 {Tłum. Arkadiusz Ziernicki},
}










@Comment #############################################################
@Comment Preperation for sacrament of penence
@Comment #############################################################


@book{ Ed-Wilk-Rachunek-sumienia-z-mistrzami-chrzescijanskiej-ETC-Pub-2023,
  editor =	 {Opracowanie Michał Wilk},
  title =	 {Rachunek sumienia z~mistarzmi chrześcijańskiej
                  duchowności},
  publisher =	 {Wydawnictwo eSPe},
  address =	 {Kraków},
  year =	 2023,
  edition =	 {II},
  isbn =	 {978-83-8201-235-4},
}










@Comment #############################################################
@Comment The Holy Faith, politics and economics
@Comment #############################################################


@book{ Novak-Rauscher-Zieba-Chrzescijanstwo-demokracja-kapitalizm-Pub-1993,
  author =	 {Michael Novak and Anton Rauscher SJ and Maciej Zięba
                  OP},
  title =	 {Chrześcijaństwo, demokracja, kapitalizm},
  publisher =	 {W~drodze sp. z~o.o.},
  address =	 {Poznań},
  year =	 1993,
  edition =	 {I},
  isbn =	 {83-7033-194-7},
  note =	 {Teksty Michaela Novaka i~Antona Rauschera SJ
                  przełozył Wojciech B\"{u}chner},
}










@Comment #############################################################
@Comment The Holy Faith, religions and sciences
@Comment #############################################################



@Comment ###############################
@Comment The Holy Faith, religions and natural sciences
@Comment ###############################


@book{ Lambert-Ryzykowne-spotkanie-teologii-z-nauka-2018,
  author =	 {Dominique Lambert},
  title =	 {Ryzykowne spotkanie teologii z~nauką},
  publisher =	 {Copernicus Center Press Sp.~z~o.o.},
  address =	 {Kraków},
  year =	 2018,
  edition =	 {I},
  isbn =	 {978-83-7886-359-5},
  note =	 {Paloma Korycińska},
}



@book{ Pajban-Anatomia-konfliktu-Pub-2016,
  author =	 {Ks.~Tadeusz Pabjan},
  title =	 {Anatomia konfliktu. Między nowym ateizmem a~teologią
		  nauki},
  publisher =	 {Copernicus Center Press Sp.~z~o.o.},
  address =	 {Kraków},
  year =	 2016,
  edition =	 {I},
}










@Comment ###############################
@Comment The Holy Faith, religions and social sciences
@Comment ###############################


@book{ Milbank-Przekroczyc-rozum-sekularny-Pub-2020,
  author =	 {John Millbank},
  title =	 {Przekroczyć rozum sekularny. Teologia i~teoria
                  społeczna},
  publisher =	 {Teologia Polityczna},
  address =	 {Warszawa},
  year =	 2020,
  edition =	 {I},
  series =	 {Biblioteka Teolorii Politycznej},
  volume =	 {XXI},
  note =	 {Tłum. Michał Filipczuk},
}










@Comment #############################################################
@Comment Various works connected to the Holy Faith of doubtful quality
@Comment #############################################################


@book{ Kizner-Zglebiajac-wlasna-tajemnice-Pub-2017,
  author =	 {Mark S.~Kinzer},
  title =	 {Zgłębiając własną tajemnicę. Kościół w~żydowskiej
		  myśli mesjańskiej},
  publisher =	 {Bratni Zew Wydawnictwo Franciszkanów},
  address =	 {Kraków},
  year =	 2017,
  edition =	 {I},
  series =	 {Sapientia},
  note =	 {Tłum. Monika Bartoski},
}



@book{ Lubac-Paradoksy-i-nowe-paradoksy-Pub-1995,
  author =	 {Kard. Henri de Lubac SJ},
  title =	 {Paradosky i~Nowe paradoksy},
  publisher =	 {Wydawnictwo WAM, Księża Jezuici},
  address =	 {Kraków},
  year =	 1995,
  edition =	 {I},
  note =	 {Tłum. Maria Roztworowska-Książek},
}



@book{ Speyr-Trzy-kobiety-i-Pan-Pub-1998,
  author =	 {Adrienne von~Speyr},
  title =	 {Trzy kobiety i~Pan},
  publisher =	 {W~drodze},
  address =	 {Poznań},
  year =	 1998,
  edition =	 {I},
  note =	 {Tłum. Jan Koźbiał},
}










@Comment #############################################################
@Comment The Holy Faith and philosophy
@Comment #############################################################



@Comment ###############################
@Comment Works closer to God
@Comment ###############################


@book{ Maritain-Nauka-i-madrosc-Pub-2005,
  author =	 {Jacques Maritain},
  title =	 {Nauka i~madrosc},
  publisher =	 {FRONDA~PL sp.~z~o.o., Apostolicum},
  address =	 {Warszawa~-- Ząbki},
  year =	 2005,
  edition =	 {II~-- Poprawione},
  note =	 {Tłum. Marian Reutt},
}



@book{ Maritain-Trzej-reformatorzy-Pub-2005,
  author =	 {Jacques Maritain},
  title =	 {Trzej reformatorzy. Luter, Kartezjusz, Rousseau},
  publisher =	 {FRONDA~PL sp.~z~o.o., Apostolicum},
  address =	 {Warszawa~-- Ząbki},
  year =	 2005,
  edition =	 {II~-- Poprawione},
  note =	 {Tłum. Ks.~Konstanty Michalski},
}










@Comment ###############################
@Comment Works neutral or hostile to God
@Comment ###############################


@book{ Herbich-Pragnienie-krolestwa-Pub-2018,
  author =	 {Tomasz Herbich},
  title =	 {Pragnienie królestwa. August Cieszkowski, Mikołaj
		  Bierdiajew i~dwa oblicza mesjanizmu},
  publisher =	 {Teologia Polityczna},
  address =	 {Warszawa},
  year =	 2018,
  edition =	 {I},
}



@book{ Karlowicz-Sokrates-i-inni-swieci-Pub-2005,
  author =	 {Dariusz Karłowicz},
  title =	 {Sokrates i~inni święci. O~postawie starożytnych
		  chrześcijan wobec rozumu i~filozofii},
  publisher =	 {Fronda, Ośrodek Myśli Politycznej},
  address =	 {Warszawa},
  year =	 2005,
  edition =	 {I},
}










@Comment #############################################################
@Comment Various works, written after 1962
@Comment #############################################################


@book{ Hahn-Niescie-i-przyjmujcie-Dobra-Nowine-Pub-2015,
  author =	 {Scott Hahn},
  title =	 {Nieście i~przyjmujcie Dobrą Nowinę. Wyzwania Nowej
                  Ewangelizacji},
  publisher =	 {Drukarnia i~Księgarnia Świętego Wojciecha Sp.
                  z~o.o.},
  address =	 {Poznań},
  year =	 2015,
  edition =	 {I},
  note =	 {Tłum. Mariusz Biliniewicz},
}



@book{ Hahn-Czwarty-kielich-Pub-2019,
  author =	 {Scott Hahn},
  title =	 {Czwarty kielich. Odkrywanie tajemnicy Ostatniej
                  Wieczerzy i~Krzyża},
  publisher =	 {Esprit},
  address =	 {Kraków},
  year =	 2019,
  edition =	 {I},
  note =	 {Tłum. Dominika Krupiańska}
}