@Comment #############################################################
@Comment #############################################################
@Comment Various works connected to the Holy Faith, online resources
@Comment #############################################################
@Comment #############################################################


@Comment #############################################################
@Comment Apologetics
@Comment #############################################################



@Comment #############################################################
@Comment Vaticanum II
@Comment #############################################################


@online{ Flynn-Gaudium-et-Spes-60-years-later-Ver-2024,
  author =	 {J.D. Flynn},
  title =	 {Gaudium et Spes: 60 years later},
  year =	 2024,
  url =		 {https://www.youtube.com/watch?v=xpZqoz3NXiQ},
  urldate =	 {22-VII-2024},
}










@Comment #############################################################
@Comment The Holy Faith in United States of America
@Comment #############################################################


@online{ CFN-The-American-Founding-The-Catholic-prespective-Ver-2024,
  author =	 {Catholic Family News},
  title =	 {The~American Founding: The Catholic perspective},
  year =	 2024,
  url =		 {https://www.youtube.com/watch?v=v0F6pCIiXIE},
  urldate =	 {21-VII-2024},
}



@online{ Grant-St-Robert-Bellarmine-Herald-ETC-Part-I-Ver-2021,
  author =	 {Ryan Grant},
  title =	 {St.~Robert Bellarmine: Herald~od Republics? Part~I},
  year =	 2021,
  url =
                  {https://catholicfamilynews.com/blog/2021/10/01/st-robert-bellarmine-herald-of-republics-part-i/},
  urldate =	 {21-VII-2024},
}



@online{ Grant-St-Robert-Bellarmine-Herald-ETC-Part-II-Ver-2021,
  author =	 {Ryan Grant},
  title =	 {St.~Robert Bellarmine: Herald~od Republics? Part~II},
  year =	 2021,
  url =		 {},
  urldate =	 {21-VII-2024},
}



@online{ Marco-The-National-Eucharistic-Congress-ETC-Ver-2024,
  author =	 {Rob Marco},
  title =	 {The~National Eucharistic Congress: It's not about
                  Jesus},
  year =	 2024,
  url =
                  {https://crisismagazine.com/opinion/the-national-eucharistic-congress-its-not-about-jesus},
  urldate =	 {22-VII-2024},
  note =	 {Crisis Magazine},
}



@online{ Sammons-The-troubling-kinship-of-Bishop-Barron-ETC-Ver-2020,
  author =	 {Eric Sammons},
  title =	 {The~troubling kinship~of Bishop Barron and Father
                  Martin},
  year =	 2020,
  url =
                  {https://crisismagazine.com/opinion/the-troubling-kinship-of-bishop-barron-and-father-martin},
  urldate =	 {21-VII-2024},
  note = {Crisis Magazine},
}










@Comment #############################################################
@Comment
@Comment #############################################################
