@Comment #############################################################
@Comment #############################################################
@Comment Various works connected to the Holy Faith. Netography
@Comment #############################################################
@Comment #############################################################



@Comment #############################################################
@Comment Apologetics
@Comment #############################################################


@Comment #########################################
@Comment Protestantism
@Comment #########################################


@online{ Akin-The-Shifting-Definition-of-Sola-Scriptura-Ver-2024,
  author =	 {Jimmy Akin},
  title =	 {The~Shifting Definition~of Sola Scriptura},
  year =	 2024,
  url =
                  {https://www.catholic.com/magazine/print-edition/the-shifting-definition-of-sola-scriptura},
  urldate =	 {2024-09-12},
}



@online{ Beaumont-Answering-Sola-Scriptura-Dr-Jordan-B-Coopers-ETC-Ver-2023,
  author =	 {Douglas Beaumont},
  title =	 {Answering Sola Scriptura: Dr.~Jordan B.~Cooper's
                  Defense},
  year =	 2022,
  url =		 {https://www.youtube.com/watch?v=WE9lWtOSVZ4},
  urldate =	 {2024-10-27},
}



@online{ Beaumont-Can-We-Understand-the-Bible-Without-ETC-Ver-2023,
  author =	 {Douglas Beaumont},
  title =	 {Can We Undestand the Bible Without the Church?
                  (A~Discussion with Author Casey Chalk)},
  year =	 2023,
  url =		 {https://www.youtube.com/watch?v=hHqnadz-hxs},
  urldate =	 {2024-10-26},
}



@online{ Crisis-Magazine-The-Fatal-Flaw-of-Sola-Scriptura-ETC-Ver-2023,
  author =	 {Crisis Magazine},
  title =	 {The~Fatal Flaw~of Sola Scriptura (Guest: Casey Chalk)},
  year =	 2023,
  url =		 {https://www.youtube.com/watch?v=x9ssBM3SP-I},
  urldate =	 {2024-10-16},
}



@online{ DLG-Sola-Scriptura-Is-Wrong-Even-Keel-w-Kyle-Kopy-Ver-2024,
  author =	 {David L. Gray, ThM},
  title =	 {Sola Scriptura Is Wrong; Even Keel w/ Kyle Kopy},
  year =	 2024,
  url =		 {https://www.youtube.com/watch?v=4SqCh-8BBmo},
  urldate =	 {2025-03-21},
}



@online{ Heschmeyer-Horn-Refuting-the-protestant-ETC-Ver-2023,
  author =	 {Joe Heschmeyer and Trent Horn},
  title =	 {Refuting the~protestant self-authenitcating Canon},
  year =	 2023,
  url =		 {https://www.youtube.com/watch?v=j0Tf_oWchsI},
  urldate =	 {2024-08-23},
}



@online{ Holdsworth-Protestants-Cant-Ignore-THIS-Scripture-ETC-Ver-2025,
  author =	 {Brian Holdsworth},
  title =	 {Protestants Can't Ignore THIS Scirpture Verse Anymore},
  year =	 2025,
  url =		 {https://www.youtube.com/watch?v=UfTgJAg68hs},
  urldate =	 {2025-01-07},
}



@online{ Intellectual-Catholicism-The-Obscurity-of-Scripture-ETC-Ver-2024,
  author =	 {Intellectual Catholicism},
  title =	 {The~Obscurity~of Scripture~-- Casey Chalk},
  year =	 2024,
  url =		 {https://www.youtube.com/watch?v=j0Tf_oWchsI},
  urldate =	 {2024-10-16},
}



@online{ Nester-Why-I-Cant-Accept-Sola-Scriptura-Ver-2023,
  author =	 {Keith Nester},
  title =	 {Why I~Can't Accept Sola Scriptura},
  year =	 2023,
  url =		 {https://www.youtube.com/watch?v=PvD1EVSf1jk},
  urldate =	 {2025-03-26},
}



@online{ Shameless-Popery-God-Probably-Hates-You-ETC-Ver-2025,
  author =	 {Shameless Popery},
  title =	 {"God Probably Hates You\ldots"; How Calvinism Breaks
                  Logic},
  year =	 2025,
  url =		 {https://www.youtube.com/watch?v=UoEEQ7Pj3eo},
  urldate =	 {2025-06-12},
}



@online{ Shameless-Popery-Once-Saved-Always-Saved-CANT-ETC-Ver-2025,
  author =	 {Shameless Popery},
  title =	 {Once Saved, Always Saved CAN'T be true. Here's why\ldots},
  year =	 2025,
  url =		 {https://www.youtube.com/watch?v=-hjuxRDqBmc},
  urldate =	 {2025-06-14},
}



@online{ Sips-with-Serra-This-Protestant-Pastors-Study-Bible-ETC-Ver-2025,
  author =	 {Sips with Serra},
  title =	 {This Protestant Pastor's "Study Bible" is NIGHTMARE},
  year =	 2025,
  url =		 {https://www.youtube.com/watch?v=AVrkhTLXHQ8},
  urldate =	 {2025-06-28},
}



@online{ The-Cordial-Catholic-Reasons-to-Doubt-Sola-Scriptura-ETC-Ver-2023,
  author =	 {The~Cordial Catholic},
  title =	 {Reasons to~Doubt Sola Scriptura (w/~Jimmy Akin)},
  year =	 2023,
  url =		 {https://www.youtube.com/watch?v=BH-CEWfSv78},
  urldate =	 {2024-08-17},
}



@online{ The-Cordial-Catholic-The-Historical-Practical-and-ETC-2024,
  author =	 {The~Cordial Catholic},
  title =	 {The~Historical, Practical, and~Biblical Case AGAINST
                  Sola Scriptura (w/~Joel Peters)},
  year =	 2024,
  url =		 {https://www.youtube.com/watch?v=XZzCIq6u6gY},
  urldate =	 {2025-02-16},
}



@online{ The-Counsel-of-Trent-3-more-ways-Protestants-act-like-ETC-Ver-2021,
  author =	 {The~Counsel~of Trent},
  title =	 {3~more ways Protenstants act like atheists},
  year =	 2021,
  url =		 {https://www.youtube.com/watch?v=TSfSHVYqDhg},
  urldate =	 {2024-09-02},
}



@online{ The-Counsel-of-Trent-7-Ways-Protestants-act-like-ETC-Ver-2021,
  author =	 {The~Counsel~of Trent},
  title =	 {7~Ways Protestants act like atheists},
  year =	 2021,
  url =		 {https://www.youtube.com/watch?v=VNreY29xfoE},
  urldate =	 {2024-09-02},
}



@online{ The-Counsel-of-Trent-Fr-Radcliffes-Dangerous-ETC-Ver-2020,
  author =	 {The~Counsel~of Trent},
  title =	 {Fr. Radcliffe's Dangerous LGBT Propaganda},
  year =	 2024,
  url =		 {https://www.youtube.com/watch?v=BMTdz9fEHbU},
  urldate =	 {2024-10-14},
}



@online{ The-Counsel-of-Trent-Francis-Chan-James-White-and-ETC-Ver-2020,
  author =	 {The~Counsel~of Trent},
  title =	 {Francis Chan, James White, and~Controversy over
                  the~Eucharist},
  year =	 2020,
  url =		 {https://www.youtube.com/watch?v=lbHL-56V6tU},
  urldate =	 {2024-07-25},
}



@online{ The-Counsel-of-Trent-Refuting-Protestantisms-ETC-Ver-2023,
  author =	 {The~Counsel~of Trent},
  title =	 {Refuting Protestantism's Clarity Doctrine~of Scripture},
  year =	 2023,
  url =		 {https://www.youtube.com/watch?v=QZ9hpCz-b9E},
  urldate =	 {2024-10-16},
}



@online{ The-Counsel-of-Trent-The-rare-word-that-refutates-ETC-Ver-2023,
  author =	 {The~Counsel~of Trent},
  title =	 {The~(rare) word that refutaes Sola Scriptura},
  year =	 2023,
  url =		 {https://www.youtube.com/watch?v=BxqtRAOAXYU},
  urldate =	 {2024-07-23},
}



@online{ The-Counsel-of-Trent-Bible-verses-that-teach-ETC-2022,
  author =	 {The~Counsel~of Trent},
  title =	 {"Bible verses that teach Sola Scriputra" (rebutted)},
  year =	 2022,
  url =		 {https://www.youtube.com/watch?v=xLPOQQGFN7Y},
  urldate =	 {2024-07-23},
}



@online{ The-Counsel-of-Trent-Dialogue-Do-Protestants-act-ETC-Ver-2022,
  author =	 {The~Counsel~of Trent},
  title =	 {Dialogue: Do Protestants act like atheists?},
  year =	 2022,
  url =		 {https://www.youtube.com/watch?v=HomoISXpLCo},
  urldate =	 {2024-08-11},
}



@online{ The-Counsel-of-Trent-Mary-is-NOT-the-Mother-ETC-Ver-2024,
  author =	 {The~Counsel~of Trent},
  title =	 {Dialogue: Do Protestants act like atheists?},
  year =	 2024,
  url =		 {https://www.youtube.com/watch?v=TmgVXvhAueI},
  urldate =	 {2024-08-11},
}



@online{ The-Counsel-of-Trent-Should-Catholics-believe-in-ETC-Ver-2021,
  author =	 {The~Counsel~of Trent},
  title =	 {Should Catholics believe in the~"Rapture"?},
  year =	 2021,
  url =		 {https://www.youtube.com/watch?v=-I8YttlYqVg},
  urldate =	 {2024-08-27},
}



@online{ The-Counsel-of-Trent-The-Biggest-Heresy-You-Rarely-ETC-Ver-2025,
  author =	 {The~Counsel~of Trent},
  title =	 {The~Biggest Heresy You Rarely Hear About},
  year =	 2025,
  url =		 {https://www.youtube.com/watch?v=0lxDzsfpdMk},
  urldate =	 {2024-07-12},
}



@online{ The-Counsel-of-Trent-The-Emptiness-of-Liberal-ETC-Ver-2024,
  author =	 {The~Counsel~of Trent},
  title =	 {The~Emptiness~of Liberal Christianity},
  year =	 2024,
  url =		 {https://www.youtube.com/watch?v=a1yXqwbgVqY},
  urldate =	 {2024-07-29},
}



@online{ The-Counsel-of-Trent-The-Rare-Word-That-Refutes-ETC--Ver-2023,
  author =	 {The~Counsel~of Trent},
  title =	 {The~(Rare) Word That Refutes Sola Scriptura},
  year =	 2023,
  url =		 {https://www.youtube.com/watch?v=BxqtRAOAXYU},
  urldate =	 {2024-08-14},
}



@online{ The-Counsel-of-Trent-When-Protestants-Were-Pro-Choice-Ver-2024,
  author =	 {The~Counsel~of Trent},
  title =	 {When Protestants Were Pro-Choice},
  year =	 2024,
  url =		 {https://www.youtube.com/watch?v=xpZqoz3NXiQ},
  urldate =	 {2024-08-03},
}



@online{ The-Counsel-of-Trent-Why-Calvinists-CANT-say-ETC-Ver-2021,
  author =	 {The~Counsel~of Trent},
  title =	 {Why Calvinists CAN'T say "Jesus died for you"},
  year =	 2021,
  url =		 {https://www.youtube.com/watch?v=eL-97E4Rero},
  urldate =	 {2025-02-03},
}



@online{ The-Counsel-of-Trent-Why-Fr-Casey-Cole-is-WRONG-ETC-Ver-2024,
  author =	 {The~Counsel~of Trent},
  title =	 {Why Fr. Casey Cole is WRONG About the Bible and
                  Homosexuality},
  year =	 2024,
  url =		 {https://www.youtube.com/watch?v=hOKiWvXVO3U},
  urldate =	 {2024-08-16},
}



@online{ The-Counsel-of-Trent-Why-Fr-Casey-Cole-is-Wrong-about-ETC-Ver-2023,
  author =	 {The~Counsel~of Trent},
  title =	 {Why Fr. Casey Cole is Wrong about Prison},
  year =	 2023,
  url =		 {https://www.youtube.com/watch?v=Vm-RUWHp8pg},
  urldate =	 {2024-08-17},
}










@Comment #########################################
@Comment Sola Scriptura
@Comment #########################################


@online{ TCHNI-Sola-Scriptura-2-point-0-Part-I-Worldviews-in-ETC-Ver-2025,
  author =	 {The~Comming Home Network International},
  title =	 {Sola Scriptura~2.0, Part~I: Worldviews
                  in~Conflict~-- On the Journey, Episode~159},
  year =	 2025,
  url =		 {https://www.youtube.com/watch?v=Bgf35it7ONU},
  urldate =	 {2025-04-02},
}










@Comment #############################################################
@Comment Eternal Christendom (with Joshua Charles)
@Comment #############################################################


@online{ Eternal-Christendom-ETC-My-Unsolvable-ETC-Ep-01-Ver-2024,
  author =	 {Eternal Christendom (with Joshua Charles)},
  title =	 {\#1; My Unsolvable Dilemma as a~protestant},
  year =	 2024,
  url =		 {https://www.youtube.com/watch?v=9ih5CQDKHaQ},
  urldate =	 {2025-06-19},
}



@online{ Eternal-Christendom-ETC-How-I-Concluded-ETC-Ep-20-Ver-2025,
  author =	 {Eternal Christendom (with Joshua Charles)},
  title =	 {\#20; How I~Concluded "Scripture Alone" Was False
                  While Still a~Protestant},
  year =	 2025,
  url =		 {https://www.youtube.com/watch?v=0y0exBxEvpw},
  urldate =	 {2025-06-19},
}



@online{ Eternal-Christendom-ETC-Ancient-Church-Shows-ETC-Ep-21-Ver-2025,
  author =	 {Eternal Christendom (with Joshua Charles)},
  title =	 {\#21; Ancient Church Shows Protestant Scholar that
                  Paul was Catholic (Interview: Dr.~Matthew Thomas)},
  year =	 2025,
  url =		 {https://www.youtube.com/watch?v=0roivJrtezI},
  urldate =	 {2025-06-19},
}



@online{ Eternal-Christendom-ETC-The-Bible-Verse-ETC-Ep-26-Ver-2025,
  author =	 {Eternal Christendom (with Joshua Charles)},
  title =	 {\#26; The~Bible Verse That Began My~Journey to
                  the~Catholic Church},
  year =	 2025,
  url =		 {https://www.youtube.com/watch?v=7p31Gh-px1s},
  urldate =	 {2025-06-19},
}










@Comment #############################################################
@Comment Culture
@Comment #############################################################


@Comment #########################################
@Comment 2022 year
@Comment #########################################


@online{ 5MCAandL-Why-NO-Catholic-Should-Watch-The-Chosen-Ver-2022,
  author =	 {5-Minute Catholic Apologetics \&~Living},
  title =	 {Why NO~Catholic Should Watch "The~Chosen"},
  year =	 2022,
  url =		 {https://www.youtube.com/watch?v=zbkrwYrZP80},
  urldate =	 {2024-12-29},
}










@Comment #########################################
@Comment 2023 year
@Comment #########################################


@online{ 5MCAandL-Why-ALL-Catholics-MUST-Stop-Watching-ETC-Ver-2023,
  author =	 {5-Minute Catholic Apologetics \&~Living},
  title =	 {Why ALL Catholics MUST Stop Watching "The~Chosen"
                  Part~II},
  year =	 2023,
  url =		 {https://www.youtube.com/watch?v=_HLgYGQPXpk},
  urldate =	 {2025-01-18},
}



@online{ Catholic-Link-English-Cabrini-is-cinematic-gold-ETC-Ver-2024,
  author =	 {Catholic-Link English},
  title =	 {"Cabrini" is CINEMATIC GOLD!; Should Catholics
                  Watch; Movie Review Angel Studios},
  year =	 2024,
  url =		 {https://www.youtube.com/watch?v=X60cVigZ4ow},
  urldate =	 {2024-11-04},
}



@online{ Catholic-Link-English-Wildcat-will-divide-ETC-Ver-2024,
  author =	 {Catholic-Link English},
  title =	 {"Wildcat" will divide catholics!; Catholic Movie
                  Review; Ethan Hawke, Maya Hawke; Flannery O'Connor},
  year =	 2024,
  url =		 {https://www.youtube.com/watch?v=vtHpjLLmBzw},
  urldate =	 {2024-11-04},
}



@online{ PCh24TV-The-Chosen-to-katolicki-serial-ETC-Ver-2023,
  author =	 {PCh24TV~-- Polonia Christiana},
  title =	 {„The Chosen” to katolicki serial? Grzegorz Kasjaniuk
                  wskazuje poważne błędy?},
  year =	 2023,
  url =		 {https://www.youtube.com/watch?v=9Z2Fn4RK4B0},
  urldate =	 {2025-01-21},
}










@Comment #########################################
@Comment 2024 year
@Comment #########################################


@online{ Miller-The-False-Christ-of-The-Chosen-Ver-2024,
  author =	 {Leila Miller},
  title =	 {The False Christ~of \textit{The~Chosen}},
  year =	 2024,
  url =
                  {https://crisismagazine.com/opinion/the-false-christ-of-the-chosen},
  urldate =	 {2025-07-23},
  note =	 {Crisis Magazine},
}










@Comment #############################################################
@Comment Economics
@Comment #############################################################


@Comment #########################################
@Comment 2022 years
@Comment #########################################


@online{ Matt-Fradd-Is-it-generally-immoral-to-invest-ETC-Ver-2022,
  author =	 {Matt Fradd},
  title =	 {Is it generally immoral to~inverst in~401k's for
                  retireent? w/ Jacob Imam Vs Trent Horn},
  year =	 2022,
  url =		 {https://www.youtube.com/watch?v=ieoHGm2Qt68},
  urldate =	 {2024-12-27},
}










@Comment #############################################################
@Comment General commentaries
@Comment #############################################################


@online{ Chmielewski-Milcarek-Tradycjonalisci-i-charyzmatycy-ETC-Ver-2024,
  author =	 {Paweł Chmielewski and Paweł Milcarek},
  title =	 {Tradycjonaliści i~charyzmatycy. Można ich pogodzić?},
  year =	 2024,
  url =		 {https://www.youtube.com/watch?v=MvHxP8BE5aY},
  urldate =	 {2024-08-03},
  note =	 {PCh24TV~-- Polonia Christiana},
}



@online{ Saint-Dominics-Media-Blame-Martin-Luther-for-ETC-Ver-2024,
  author =	 {Saint Dominic's Media and The Bobby Hesley Show},
  title =	 {Blame Martin Luther for Olympic's Blasphemous
                  Opening Ceremoty},
  year =	 2024,
  url =		 {https://www.youtube.com/watch?v=WvCftA0RNi4},
  urldate =	 {2024-08-01},
  note =	 {Saint Dominic's Media},
}










@Comment #############################################################
@Comment Interpretation of Second Vatican Council
@Comment #############################################################


@online{ The-Michael-Lofton-Show-Dr-Thomas-Pink-Is-Dignitatis-ETC-Ver-2020,
  author =	 {The~Michael Lofton Show},
  title =	 {Dr.~Thomas Pink~-- Is "Dignitatis Humanae" a~Rupture
                  in Catholic Doctrine?},
  year =	 2020,
  url =		 {https://www.youtube.com/watch?v=JMGxF9DuhHA},
  urldate =	 {2024-12-25},
}










@Comment #############################################################
@Comment Propagatio fidei
@Comment #############################################################


@online{ Bertuzz-Horn-Ver-2024,
  author =	 {Carmeron Bertuzzi and Trent Horn},
  title =	 {},
  year =	 2023,
  url =		 {},
  urldate =	 {},
}










@Comment #########################################
@Comment 2024
@Comment #########################################


@online{ Eternal-Christendom-ETC-Francis-Chan-ETC-Ver-2025,
  author =	 {Eternal Christendom (with Joshua Charles)},
  title =	 {Francis Chan; Great Rosary Campaign},
  year =	 2025,
  url =		 {https://www.youtube.com/watch?v=apAETpSUnSE},
  urldate =	 {2025-06-29},
}



@online{ Eternal-Christendom-ETC-President-Carter-ETC-Ver-2024,
  author =	 {Eternal Christendom (with Joshua Charles)},
  title =	 {President Carter; The~Great Rosary Campaign},
  year =	 2024,
  url =		 {https://www.youtube.com/watch?v=OkSkaptlIeo},
  urldate =	 {2025-06-30},
}



@online{ Eternal-Christendom-ETC-Senator-JD-Vance-ETC-Ver-2024,
  author =	 {Eternal Christendom (with Joshua Charles)},
  title =	 {Senator JD~Vance; Great Rosary Campaign},
  year =	 2024,
  url =		 {https://www.youtube.com/watch?v=16y9X39xdR8},
  urldate =	 {2025-07-02},
}










@Comment #########################################
@Comment 2025
@Comment #########################################


@online{ Eternal-Christendom-ETC-Gavin-Ortlund-ETC-Ver-2025,
  author =	 {Eternal Christendom (with Joshua Charles)},
  title =	 {Gavin Ortlund; Great Rosary Campaign},
  year =	 2025,
  url =		 {https://www.youtube.com/watch?v=l9GTSh9IZxc},
  urldate =	 {2025-06-29},
}



@online{ Eternal-Christendom-ETC-Hillsdale-College-ETC-Ver-2024,
  author =	 {Eternal Christendom (with Joshua Charles)},
  title =	 {Hilsdale College; Great Rosary Campaign},
  year =	 2025,
  url =		 {https://www.youtube.com/watch?v=2FpIPCW10hU},
  urldate =	 {2025-06-29},
}



@online{ Eternal-Christendom-ETC-James-White-ETC-Ver-2025,
  author =	 {Eternal Christendom (with Joshua Charles)},
  title =	 {James White; Great Rosary Campaign},
  year =	 2025,
  url =		 {https://www.youtube.com/watch?v=OMyUrOqxQHk},
  urldate =	 {2025-06-29},
}



@online{ Eternal-Christendom-ETC-Justin-Trudeau-ETC-Ver-2025,
  author =	 {Eternal Christendom (with Joshua Charles)},
  title =	 {Justin Trudeau; Great Rosary Campaign},
  year =	 2025,
  url =		 {https://www.youtube.com/watch?v=V0LVcHHrcGc},
  urldate =	 {2025-07-02},
}



@online{ Eternal-Christendom-ETC-John-MacArthur-ETC-Ver-2025,
  author =	 {Eternal Christendom (with Joshua Charles)},
  title =	 {John MacArthur; Great Rosary Campaign},
  year =	 2025,
  url =		 {https://www.youtube.com/watch?v=eFuAvIzJU08},
  urldate =	 {2025-06-28},
}



@online{ Eternal-Christendom-ETC-Mark-Driscoll-ETC-Ver-2025,
  author =	 {Eternal Christendom (with Joshua Charles)},
  title =	 {Mark Driscoll; Great Rosary Campaign},
  year =	 2025,
  url =		 {https://www.youtube.com/watch?v=diuLoEiwJMs},
  urldate =	 {2025-07-06},
}



@online{ Eternal-Christendom-ETC-Megan-Basham-ETC-Ver-2025,
  author =	 {Eternal Christendom (with Joshua Charles)},
  title =	 {Megan Basham; Great Rosary Campaign},
  year =	 2025,
  url =		 {https://www.youtube.com/watch?v=9x5cgT9i3do},
  urldate =	 {2025-06-30},
}



@online{ Eternal-Christendom-ETC-President-Donald-Trump-ETC-Ver-2025,
  author =	 {Eternal Christendom (with Joshua Charles)},
  title =	 {President Donald Trump; Great Rosary Campaign},
  year =	 2025,
  url =		 {https://www.youtube.com/watch?v=8MD2ewMYfOQ},
  urldate =	 {2025-06-30},
}



@online{ Eternal-Christendom-ETC-Scott-Adams-ETC-Ver-2025,
  author =	 {Eternal Christendom (with Joshua Charles)},
  title =	 {Scott Adams; Great Rosary Campaign},
  year =	 2025,
  url =		 {https://www.youtube.com/watch?v=PcAbt1Cuvuc},
  urldate =	 {2025-06-28},
}



@online{ Eternal-Christendom-ETC-Second-Lady-Usha-Vance-ETC-Ver-2025,
  author =	 {Eternal Christendom (with Joshua Charles)},
  title =	 {Second Lady Usha Vance; Great Rosary Campaign},
  year =	 2025,
  url =		 {https://www.youtube.com/watch?v=JZb4bgD9khs},
  urldate =	 {2025-06-19},
}



@online{ Eternal-Christendom-ETC-Vice-President-elect-Vance-ETC-Ver-2025,
  author =	 {Eternal Christendom (with Joshua Charles)},
  title =	 {Vice President-elect Vance; Great Rosary Campaign},
  year =	 2025,
  url =		 {https://www.youtube.com/watch?v=NCjtxGwqGkk},
  urldate =	 {2025-07-02},
}



@online{ Eternal-Christendom-ETC-Ye-Great-Rosary-Campaign-ETC-Ver-2025,
  author =	 {Eternal Christendom (with Joshua Charles)},
  title =	 {Ye; Great Rosary Campaign},
  year =	 2025,
  url =		 {https://www.youtube.com/watch?v=i2p0VK98GHA},
  urldate =	 {2025-06-28},
}











@Comment #############################################################
@Comment Sacred liturgy
@Comment #############################################################


@online{ -Ver-2024,
  author =	 {},
  title =	 {},
  year =	 2024,
  url =		 {},
  urldate =	 {},
}










@Comment #############################################################
@Comment Sacred Scriptur
@Comment #############################################################


@online{ -Ver-2024,
  author =	 {},
  title =	 {},
  year =	 2024,
  url =		 {},
  urldate =	 {},
}










@Comment #############################################################
@Comment Suspicious things
@Comment #############################################################


@online{ Divine-Mercy-Who-was-St-Faustina-ETC-Ver-2021,
  author =	 {Divine Mercy},
  title =	 {Who was St.~Faustina? A~Quick Summary~of this
                  Critical Saint for Today~-- Ask a~Marian},
  year =	 2021,
  url =		 {https://www.youtube.com/watch?v=q0PAC9qTc_E},
  urldate =	 {2024-08-17},
}

















@Comment #############################################################
@Comment The Holy Faith and culture
@Comment #############################################################


@online{ Acton-Institute-Progress-on-Work-in-Progress-Ver-2024,
  author =	 {Acton Institute},
  title =	 {Progress on a~Work in~Progress},
  year =	 2024,
  url =		 {https://www.youtube.com/watch?v=kLz08EJ1JP0},
  urldate =	 {2024-08-17},
}










@Comment #############################################################
@Comment Freemasony
@Comment #############################################################


@online{ Gray-Former-Freemason-Explains-ETC-Part-I-Ver-2021,
  author =	 {David L. Gray},
  title =	 {Former Freemason Explains Freemasonry. Part~I},
  year =	 2021,
  url =
                  {https://onepeterfive.com/former-freemason-explains-freemasonry-pt-1/},
  urldate =	 {2024-08-03},
}



@online{ Gray-Former-Freemason-Explains-ETC-Part-II-Ver-2022,
  author =	 {David L. Gray},
  title =	 {Former Freemason Explains Freemasonry. Part~II},
  year =	 2022,
  url =
                  {https://onepeterfive.com/former-freemason-explains-freemasonry-pt-2/},
  urldate =	 {2024-08-03},
}



@online{ Gray-Freemasonry-and-Black-Americans-ETC-Ver-2022,
  author =	 {David L. Gray},
  title =	 {Freemasonry and Black Americans: the Prince Hall Sect},
  year =	 2022,
  url =		 {https://onepeterfive.com/freemasonry-and-black-americans-the-prince-hall-sect/},
  urldate =	 {2024-08-01},
  note =	 {One Peter Five},
}




@online{ Gray-Freemasonry-IS-a-Religion-Former-Freemason-ETC-Ver-2019,
  author =	 {David L. Gray, ThM},
  title =	 {Freemasonry IS a~Religion: Former Freemason Explains},
  year =	 2019,
  url =		 {https://www.youtube.com/watch?v=4ZZ25cS9lco},
  urldate =	 {2025-03-19},
}



@online{ Gray-Joe-Biden-Becomes-a-Freemason-on-Sight-ETC-Ver-2025,
  author =	 {David L. Gray, ThM},
  title =	 {Joe Biden Becomes a~Freemason-on-Sight
                  \&~Excommunicated; The~Set w/David L.~Gray},
  year =	 2025,
  url =		 {https://www.youtube.com/watch?v=PvXR7h5lu4I},
  urldate =	 {2025-03-19},
}



@online{ Gray-Joe-Biden-Becomes-a-Freemason-on-Sight-ETC-Ver-2025,
  author =	 {David L. Gray, ThM},
  title =	 {Joe Bidens Learns the~Secrets~of Freemasonry;
                  The~Set w/David L.~Gray},
  year =	 2025,
  url =		 {https://www.youtube.com/watch?v=dDLBhvUfa48},
  urldate =	 {2025-03-21},
}










@Comment #############################################################
@Comment Natural sciences
@Comment #############################################################













@Comment #############################################################
@Comment The Holy Faith and man made religions
@Comment #############################################################


@online{ Crisis-Magazine-Does-Ecumenism-Foster-Religious-ETC-Ver-2021,
  author =	 {Crisis Magazine},
  title =	 {Does Ecumenism Foster Religious Indifference? with
                  Dr.~Eduardo Echeverria},
  year =	 2021,
  url =		 {https://www.youtube.com/watch?v=ePUP1jB5TaA},
  urldate =	 {2024-08-26},
}










@Comment #############################################################
@Comment The Holy Faith in China
@Comment #############################################################


@online{ Chmielewski-Polit-Tylkowski-Chiny-Franciszek-ETC-Ver-2024,
  author =	 {Paweł Chmielewski and Jakub Polit and Marek
                  Tylkowski},
  title =	 {Chiny, Franciszek i~Katolicy~-- porozumienie
                  Watykanu z~Chinami z~perspektywy katolików
                  w~Chinach},
  year =	 2024,
  url =		 {https://www.youtube.com/watch?v=1Tfrz-Y1xL8},
  urldate =	 {2024-07-23},
}










@Comment #############################################################
@Comment Poland
@Comment #############################################################


@Comment #########################################
@Comment Year 2024
@Comment #########################################


@online{ Okiem-Tradycjonalisty-Nowy-przewodniczacy-KEP-i-co-ETC-Ver-2024,
  author =	 {Okiem Tradycjonalisty},
  title =	 {Nowy przewodniczący KEP i~co nas czeka za~jego rządów?},
  year =	 2024,
  url =		 {https://www.youtube.com/watch?v=jaaMHND2vfc},
  urldate =	 {2024-08-23},
}



@online{ PCh24TV-Pocieszalski-do-kard-Nycza-Po-co-byly-te-slowa-Ver-2024,
  author =	 {PCH24TV~-- Polonia Christiana},
  title =	 {Pospieszalski do kard. Nycza: Po co były te słowa?!},
  year =	 2024,
  url =		 {https://www.youtube.com/watch?v=zKyyno1dSB8},
  urldate =	 {2024-10-26},
}










@Comment #############################################################
@Comment United States of America
@Comment #############################################################


@online{ CFN-The-American-Founding-The-Catholic-prespective-Ver-2024,
  author =	 {Catholic Family News},
  title =	 {The~American Founding: The Catholic perspective},
  year =	 2024,
  url =		 {https://www.youtube.com/watch?v=v0F6pCIiXIE},
  urldate =	 {2024-07-21},
}



@online{ CFN-Is-Tim-Walz-a-Catholic-Apostate-Ver-2024,
  author =	 {Catholic Family News},
  title =	 {Is~Tim Waltz a~Catholic Apostate?},
  year =	 2024,
  url =		 {https://www.youtube.com/watch?v=j1LZ1swbS5U},
  urldate =	 {2024-08-11},
}



@online{ CHNI-How-I-Discovered-I-Was-Protestant-ETC-Ver-2024,
  author =	 {The~Coming Home Network International},
  title =	 {How~I Discovered I~Was Protestant~-- Soren Johnson},
  year =	 2024,
  url =		 {https://www.youtube.com/watch?v=e_pu0OnPPwo},
  urldate =	 {2024-08-16},
}



@online{ Flynn-Eucharistic-coherence-round-2-Ver-2024,
  author =	 {J.D. Flynn},
  title =	 {Eucharistic coherence, round~2?},
  year =	 2024,
  url =
                  {https://www.pillarcatholic.com/p/eucharistic-coherence-round-2},
  urldate =	 {2024-08-12},
  note =	 {The~Pillar},
}



@online{ Grant-St-Robert-Bellarmine-Herald-ETC-Part-I-Ver-2021,
  author =	 {Ryan Grant},
  title =	 {St.~Robert Bellarmine: Herald~od Republics? Part~I},
  year =	 2021,
  url =
                  {https://catholicfamilynews.com/blog/2021/10/01/st-robert-bellarmine-herald-of-republics-part-i/},
  urldate =	 {2024-07-21},
  note =	 {Catholic Family News},
}



@online{ Grant-St-Robert-Bellarmine-Herald-ETC-Part-II-Ver-2021,
  author =	 {Ryan Grant},
  title =	 {St.~Robert Bellarmine: Herald~od Republics? Part~II},
  year =	 2021,
  url =
                  {https://catholicfamilynews.com/blog/2021/10/08/st-robert-bellarmine-herald-of-republics-part-ii/},
  urldate =	 {2024-07-28},
  note =	 {Catholic Family News},
}



@online{ Gray-The-Knights-of-Columbus-are-in-Big-Trouble-ETC-Ver-2023,
  author =	 {David L.~Gray},
  title =	 {The~Knights~of Columbus are in~Big Trouble with
                  Excommunicated Members; The~David L.~Gray Show},
  year =	 2023,
  url =		 {https://www.youtube.com/watch?v=VjHTfamwBIg},
  urldate =	 {2024-09-22},
}



@online{ Haley-The-Manosphere-Doesnt-Solve--ETC-Ver-2024,
  author =	 {Bradley Haley},
  title =	 {The Manosphere Doesn't Solve the Masculinity Crisis},
  year =	 2024,
  url =
                  {https://crisismagazine.com/opinion/the-manosphere-doesnt-solve-the-masculinity-crisis},
  urldate =	 {2024-08-09},
  note =	 {Crisis Magazine},
}



@online{ Hall-How-the-Pro-Life-Movement-Has-Been-a-Trojan-ETC-Ver-2024,
  author =	 {Kennedy Hall},
  title =	 {How the~Pro-Life Movement Has Been a~Trojan Horse
                  for a~Greater Sin},
  year =	 2024,
  url =
                  {https://crisismagazine.com/opinion/how-the-pro-life-movement-has-been-a-trojan-horse-for-a-greater-sin},
  urldate =	 {2024-07-26},
  note =	 {Crisis Magazine},
}



@online{ Hanna-A-Monks-Habit-Thomas-Mertons-Other-Affair-Ver-2024,
  author =	 {James K. Hanna},
  title =	 {A~Monk's Habit: Thomas Merton's Other Affair},
  year =	 2024,
  url =
                  {https://crisismagazine.com/opinion/a-monks-habit-thomas-mertons-other-affair},
  urldate =	 {2024-12-25},
  note =	 {Crisis Magazine},
}



@online{ JP-War-and-Obscenity-The-Dark-Side-of-American-Ideals-Ver-2024,
  author =	 {JP},
  title =	 {War and~Obscenity: The~Dark Side~of American Ideal},
  year =	 2024,
  url =
                  {https://www.saintdominicsmedia.com/war-and-obscenity-the-dark-side-of-american-ideals/},
  urldate =	 {2024-09-05},
  note =	 {Saint Dominic's Media},
}



@online{ Marco-The-National-Eucharistic-Congress-ETC-Ver-2024,
  author =	 {Rob Marco},
  title =	 {The~National Eucharistic Congress: It's not about
                  Jesus},
  year =	 2024,
  url =
                  {https://crisismagazine.com/opinion/the-national-eucharistic-congress-its-not-about-jesus},
  urldate =	 {2024-07-22},
  note =	 {Crisis Magazine},
}



@online{ Meloy-Martin-Luther-King-Jr-cant-be-understood-ETC-Ver-2024,
  author =	 {Daniel Meloy},
  title =	 {Martin Luther King Jr. can't be understood apart
                  from his faith, Bishop Battersby says},
  year =	 2024,
  url =
                  {https://www.detroitcatholic.com/news/martin-luther-king-jr-cant-be-understood-apart-from-his-faith-bishop-battersby-says},
  urldate =	 {2024-09-18},
  note =	 {Detroit Catholic},
}



@online{ Reno-Should-Catholics-Fear-Ending-Separation-Ver-2024,
  author =	 {R.R. Reno},
  title =	 {Should Catholics Fear Ending Separation?},
  year =	 2024,
  url =		 {https://www.youtube.com/watch?v=ff70SsNT2xc},
  urldate =	 {2024-08-12},
  note =	 {National Conservatism; NatCon~4},
}



@online{ Sammons-The-troubling-kinship-of-Bishop-Barron-ETC-Ver-2020,
  author =	 {Eric Sammons},
  title =	 {The~troubling kinship~of Bishop Barron and Father
                  Martin},
  year =	 2020,
  url =
                  {https://crisismagazine.com/opinion/the-troubling-kinship-of-bishop-barron-and-father-martin},
  urldate =	 {2024-07-21},
  note = {Crisis Magazine},
}



@online{ Sensus-Fidelium-Did-George-Washington-Convert-ETC-Ver-2019,
  author =	 {Sensus Fidelim},
  title =	 {Did George Washington Convert to~Catholicism?;
                  The~Barret Brief w/~guest Ryan Grant},
  year =	 2019,
  url =		 {https://www.youtube.com/watch?v=r8pxtz-_HhI},
  urldate =	 {2024-09-14},
}



@online{ StarQuest-Media-Rose-Hawthorne-American-ETC-Ep-19-Ver-2019,
  author =	 {StarQuest Media},
  title =	 {Rose Hawthorne~-- American Catholic History, ep.~19},
  year =	 2019,
  url =		 {https://www.youtube.com/watch?v=zLZYKjBi91Q},
  urldate =	 {2025-04-03},
}



@online{ StarQuest-Media-Yogi-Berra-Philosopher-ETC-Ep-41-Ver-2020,
  author =	 {StarQuest Media},
  title =	 {Yogi Berra: Philosopher, Ballplayer, Catholic.
                  American Catholic History, ep.~41},
  year =	 2020,
  url =		 {https://www.youtube.com/watch?v=Nz_pD-PT55o},
  urldate =	 {2024-08-11},
}


@online{ StarQuest-Media-Orestes-Brownsons-American-ETC-Ep-115-Ver-2021,
  author =	 {StarQuest Media},
  title =	 {Orestes Brownson's American Thinking. American
                  Catholic History, ep.~115},
  year =	 2021,
  url =		 {https://www.youtube.com/watch?v=H7hdvcPHJ64},
  urldate =	 {2025-04-17},
}



@online{ StarQuest-Media-Doc-Hollidays-Catholic-ETC-Ep-155-Ver-2022,
  author =	 {StarQuest Media},
  title =	 {Doc Holliday's Catholic Deathbead Conversion.
                  American Catholic History, ep.~115},
  year =	 2022,
  url =		 {https://www.youtube.com/watch?v=QUClAFmbW7Y},
  urldate =	 {2025-04-17},
}



@online{ StarQuest-Media-Charles-Carroll-only-Catholic-ETC-Ver-2021,
  author =	 {StarQuest Media},
  title =	 {Charles Carroll, only Catholic signer~of the
                  Declaration~of Independence. American Catholic
                  History},
  year =	 2021,
  url =		 {https://www.youtube.com/watch?v=OA8BatGMaMU},
  urldate =	 {2024-08-11},
}



@online{ StarQuest-Media-Did-George-Washington-become-Catholic-ETC-Ver-2021,
  author =	 {StarQuest Media},
  title =	 {Did George Washington become Catholic? American
                  Catholic History},
  year =	 2021,
  url =		 {https://www.youtube.com/watch?v=_7PNnv9_8Xo},
  urldate =	 {2024-08-11},
}



@online{ StarQuest-Media-Jack-Kerouac-American-Catholic-ETC-Ver-2022,
  author =	 {StarQuest Media},
  title =	 {Jack Kerouac. American Catholic History},
  year =	 2022,
  url =		 {https://www.youtube.com/watch?v=J_KLUruZONY},
  urldate =	 {2024-08-11},
}



@online{ StarQuest-Media-Joseph-Barbera-of-Hanna-Barbera-ETC-Ver-2023,
  author =	 {StarQuest Media},
  title =	 {Joseph Barnbera~of Hanna-Barbera Animation~--
                  American Catholic History},
  year =	 2023,
  url =		 {https://www.youtube.com/watch?v=8CHU4Z5Gb90},
  urldate =	 {2025-04-03},
}






















@Comment #########################################
@Comment Bishop Robert Barron
@Comment #########################################


@online{ Barron-Bishop-Barron-on-theology-of-Hans-Urs-ETC-Part-I-Ver-2014,
  author =	 {Bishop Robert Barron},
  title =	 {Bishop Barron on theology~of Hans Urs von Balthasar.
                  Part~I},
  year =	 2014,
  url =		 {https://www.youtube.com/watch?v=uqSenlCcFws},
  urldate =	 {2024-07-27},
}



@online{ Barron-Bishop-Barron-on-theology-of-Hans-Urs-ETC-Part-II-Ver-2014,
  author =	 {Bishop Robert Barron},
  title =	 {Bishop Barron on theology~of Hans Urs von Balthasar.
                  Part~II},
  year =	 2014,
  url =		 {https://www.youtube.com/watch?v=A1RUtNmsHWU},
  urldate =	 {2024-07-27},
}





















@Comment #############################################################
@Comment The Holy Faith and politics
@Comment #############################################################


@online{ Acton-Institute-Debate-Sebastian-Morello-vs-ETC-Ver-2024,
  author =	 {Acton Institute},
  title =	 {Debate: Sebastian Morello vs. Kevin Vallier.
                  Christianity and the State},
  year =	 2024,
  url =		 {https://www.youtube.com/watch?v=vsPZG3q0rNc},
  urldate =	 {2024-08-15},
}



@online{ Acton-Institute-The-New-Catholic-Integralism-Ver-2023,
  author =	 {Acton Institute},
  title =	 {The~New Catholic Integralism},
  year =	 2023,
  url =		 {https://www.youtube.com/watch?v=fCrf5dzlhLI},
  urldate =	 {2024-08-26},
}



@online{ Hernandez-Christ-the-King-vs-American-Conservatsim-Ver-2024,
  author =	 {Josué Luis Hernández},
  title =	 {Christ the~King vs.~American Conservatism},
  year =	 2024,
  url =
                  {https://onepeterfive.com/christ-the-king-vs-american-conservatism/},
  urldate =	 {2024-09-21},
  note =	 {One Peter Five},
}



@online{ -Ver-2024,
  author =	 {},
  title =	 {},
  year =	 2024,
  url =		 {},
  urldate =	 {},
  note = {},
}










@Comment #############################################################
@Comment Various topics
@Comment #############################################################


@online{ Longenecker-Picking-a-Bone-With-Rene-Girard-Ver-2021,
  author =	 {Dawight Longenecker},
  title =	 {Picking a~Bone With Ren\'{e} Girard},
  year =	 2021,
  url =
                  {https://theimaginativeconservative.org/2021/06/picking-bone-with-rene-girard-dwight-longenecker.html},
  urldate =	 {2025-07-04},
}










@Comment #############################################################
@Comment Vaticanum II
@Comment #############################################################


@online{ Flynn-Gaudium-et-Spes-60-years-later-Ver-2024,
  author =	 {J.D. Flynn},
  title =	 {Gaudium et Spes: 60 years later},
  year =	 2024,
  url =		 {https://www.youtube.com/watch?v=xpZqoz3NXiQ},
  urldate =	 {2024-07-22},
}



@online{ Healy-Theology-of-the-Bishop-in-ETC-Ver-2024,
  author =	 {Nicholas Healy},
  title =	 {Theology~of the~Bishop in~the~Communio Theology~of
                  Vatican~II},
  year =	 2024,
  url =		 {https://www.youtube.com/watch?v=ai-ys8_KWmw},
  urldate =	 {2024-07-25},
}



@online{ Reason-and-Theology-Dr-Ed-Echeverria-on-Defending-ETC-Ver-2024,
  author =	 {Reason \&~Theology},
  title =	 {Dr.~Ed Echeverria on~Defending Vatican~II},
  year =	 2019,
  url =		 {https://www.youtube.com/watch?v=Xx7I1KRcwb4},
  urldate =	 {2024-09-06},
}



@online{ Ks-Galuszka-Humanae-vitae-zasady-doktryanalne-ETC-Ver-2018,
  author =	 {Ks. dr Paweł Głuszka},
  title =	 {„Humanae vitae”~-- zasady doktrynalne},
  year =	 2018,
  url =		 {https://www.youtube.com/watch?v=a7I9br3k3DM},
  urldate =	 {2024-09-25},
  note =	 {Salve TV},
}