@book{ Bourbaki-Elementy-historii-matematyki-Pub-1980,
  author =	 {Nicolas Bourbaki},
  title =	 {Elementy historii matematyki},
  publisher =	 {Państwowe Wydawnictwo Naukowe},
  address =	 {Warszawa},
  year =	 1980,
  edition =	 {I},
  note =	 {Tłum. Stanisław Dobrzycki},
}



@book{ Boyer-Historia-rachunku-rozniczkowego-i-calkowego-Pub-1964,
  author =	 {Carl Benjamin Boyer},
  title =	 {Historia rachunku różniczkowego i~całkowego i~rozwój
                  jego pojęć},
  publisher =	 {Państwowe Wydawnictwo Naukowe},
  address =	 {Warszawa},
  year =	 1964,
  edition =	 {I},
}



@book{ Gray-The-Hilbert-Challenge-Pub-2000,
  author =	 {Jaremy J. Gray},
  title =	 {The~Hilbert Challenge},
  publisher =	 {Oxford University Press},
  address =	 {Oxford},
  year =	 2000,
  edition =	 {I},
  isbn =	 {0 19 850651 1},
}



@book{ Red-Juszkiewicz-Historia-matematyki-Vol-III-Pub-1977,
  editor =	 {A.P. Juszkiewicz},
  title =	 {Historia matematyki. Tom~III: Matematyka XVIII stulecia},
  publisher =	 {Państwowe Wydawnictwo Naukowe},
  address =	 {Warszawa},
  year =	 1977,
  edition =	 {I},
  note =	 {Tłum. Stanisław Dobrzycki}
}