@Book{ Hoey-Programowanie-w-asemblerze-x64-ETC-Pub-2024,
  author =	 {Jo Van Hoey},
  title =	 {Programowania w~asemblerze~x64. Od nowicjusza
                  do~znawcy~AVX},
  year =	 2024,
  publisher =	 {Helion S.A.},
  address =	 {Gliwice},
  isbn =	 {978-83-289-0109-4},
  note =	 {Przekład: Grzegorz Werner},
}



@book{ Kernighan-Ritchie-Jezyk-ANSI-C-Pub-2004,
  author =	 {Brian W. Kernighan and Dennis M. Ritchie},
  title =	 {Język ANSI~C},
  publisher =	 {Wydawnictwo Naukowo-Techniczne},
  address =	 {Warszawa},
  year =	 2004,
  edition =	 {IX},
  series =	 {Klasyka informatyki},
  isbn =	 {83-204-2979-X},
  note =	 {Z~angielskiego przełożyli Danuta i~Marek Kruszewscy},
}
