@book{ Semadeni-Wiweger-Wstep-do-teorii-kategorii-ETC-Pub-1972,
  author =	 {Zbigniew Semadeni and Antoni Wiweger},
  title =	 {Wstęp do~teorii kategorii i~funktorów},
  publisher =	 {Państwowe Wydawnictwo Naukowe},
  address =	 {Warszawa},
  year =	 1972,
  edition =	 {I},
  series =	 {Biblioteka Matematyczna},
  number =	 45,
}