@Comment #############################################################
@Comment #############################################################
@Comment #############################################################
@Comment PHYSICS, BOOKS
@Comment #############################################################
@Comment #############################################################
@Comment #############################################################



@Comment #############################################################
@Comment #############################################################
@Comment ANALYSIS OF PHYSICAL DATA, BOOKS
@Comment #############################################################
@Comment #############################################################


@book{ RedSzydlowskiTeoriaPomiarow1981,
  author =	 {Red. Henryk Szykłowski},
  title =	 {Teoria pomiarów},
  publisher =	 {Państwowe Wydawnictwo Naukowe},
  address =	 {Warszawa},
  year =	 1981,
  edition =	 {I},
}
