@book{ Binney-Zjawiska-krytyczne-Pub-1998,
  author =	 {J.J. Binney and N.J. Dowrick and A.J. Fisher and
                  M.E.J. Newman},
  title =	 {Zjawiska krytyczne. Wstęp do teorii grupy
                  renormalizacji},
  publisher =	 {Wydawnictwo Naukowe PWN},
  address =	 {Warszawa},
  year =	 1998,
  edition =	 {I},
  note =	 {Z~angielskiego tłumaczyli Grzegorz Musiał, Piotr
                  Pawlicki},
}
