@Comment #############################################################
@Comment #############################################################
@Comment Mathematical physics, online resources
@Comment#############################################################
@Comment#############################################################



@Comment #############################################################
@Comment Mathematical field theory and other disciplines
@Comment#############################################################










@Comment #############################################################
@Comment Mathematical QFT
@Comment #############################################################


@online{ Dybalski-Interacting-massless-ETC-2022,
  author =	 {Wojciech Dybalski},
  title =	 {Interacting massless excitations in 1+1 dimensional QFT},
  year =	 2022,
  url =		 {https://www.youtube.com/watch?v=iiueQ7UtWJ},
  urldate =	 {11-07-2024},
}
