@book{ Tanenbaum-Systemy-operacyjne-Wydanie-III-Pub-2013,
  author =	 {Andrew S. Tanenbaum},
  title =	 {Systemy operacyjne. Wydanie III},
  publisher =	 {Helion},
  address =	 {Gliwice},
  year =	 2013,
  note =	 {Tłumaczenie: Radosław Meryk (rozdz.~1--8), Mikołaj
                  Szczepaniak (rozdz.~9--14)},
}