@book{ Gancarzewicz-Algebra-liniowa-i-jej-zastosowania-ETC-Pub-2004,
  author =	 {Jacek Gancarzewicz},
  title =	 {Algebra liniowa i~jej zastosowania},
  publisher =	 {Wydawnictwo Uniwersytetu Jagiellońskiego},
  address =	 {Kraków},
  year =	 2004,
  edition =	 {I},
  isbn =	 {83-233-1832-8},
}



@book{ Lang-Algebra-Pub-1984,
  author =	 {Serge Lang},
  title =	 {Algebra},
  publisher =	 {Państwowe Wydawnictwo Naukowe},
  address =	 {Warszawa},
  year =	 1984,
  edition =	 {Wydanie drugie poprawione},
  isbn =	 {83-01-01519-5},
  note =	 {Z~angielskiego tłumaczył Ryszard Bittner},
}