@book{ Lang-Algebra-Pub-1984,
  author =	 {Serge Lang},
  title =	 {Algebra},
  publisher =	 {Państwowe Wydawnictwo Naukowe},
  address =	 {Warszawa},
  year =	 1984,
  edition =	 {Wydanie drugie poprawione},
  isbn =	 {83-01-01519-5},
  note =	 {Z~angielskiego tłumaczył Ryszard Bittner},
}