@Comment #############################################################
@Comment #############################################################
@Comment Physics, netography
@Comment #############################################################
@Comment #############################################################




@Comment #############################################################
@Comment General materials about physics
@Comment #############################################################


@online{ Astrofaza-Dlaczego-fizyka-kwantowa-dziala-Ver-2024,
  author =	 {Astrofaza},
  title =	 {Dlaczego fizyka kwantowa dzia≈Ça?},
  year =	 2024,
  url =		 {https://www.youtube.com/watch?v=CN5L07t5j6w},
  urldate =	 {2024-08-14},
}



@online{ Zadebatuj-pl-Rozmowa-z-dr-Tomaszem-Millerem-Ver-2024,
  author =	 {Zadebatuj pl},
  title =	 {Rozmowa z~dr. Tomaszem Millerem},
  year =	 2024,
  url =		 {https://www.youtube.com/watch?v=CN5L07t5j6w},
  urldate =	 {2024-08-13},
}










@Comment #############################################################
@Comment Nobel Prize in physics
@Comment #############################################################


@Comment ###############################
@Comment 2023 year
@Comment ###############################


@online{ Agostini-Nobel-Prize-in-Physics-2023-Ver-2024,
  author =	 {Pierre Agostini},
  title =	 {Nobel Prize lecture: Pierre Agostini, Nobel Prize
                  in~Physics 2023},
  year =	 2024,
  url =		 {https://www.youtube.com/watch?v=ScOI1RBeYNk},
  urldate =	 {2024-11-22},
}










@Comment #############################################################
@Comment
@Comment #############################################################










@Comment #############################################################
@Comment
@Comment #############################################################


@online{ -Ver-2024,
  author =	 {},
  title =	 {},
  year =	 2024,
  url =		 {https://www.youtube.com/watch?v=rlaNMJeA1EA},
  urldate =	 {},
}



@online{ -ETC-Ver-2024,
  author =	 {},
  title =	 {},
  year =	 2024,
  url =		 {https://www.youtube.com/watch?v=rlaNMJeA1EA},
  urldate =	 {},
}



@online{ -ETC-Ver-2024,
  author =	 {},
  title =	 {},
  year =	 2024,
  url =		 {https://www.youtube.com/watch?v=wAzEJxOo1ts},
  urldate =	 {},
}



@online{ -ETC-Ver-2024,
  author =	 {},
  title =	 {},
  year =	 2024,
  url =		 {https://www.youtube.com/watch?v=bbatLr98fEY},
  urldate =	 {},
}



@online{ -ETC-Ver-2023,
  author =	 {},
  title =	 {},
  year =	 2023,
  url =		 {https://www.youtube.com/watch?v=41Gv-zzICIQ},
  urldate =	 {},
}



@online{ -Ver-2024,
  author =	 {},
  title =	 {},
  year =	 2024,
  url =		 {https://www.youtube.com/watch?v=pCxvyIx922A},
  urldate =	 {},
}



@online{ -Ver-2024,
  author =	 {},
  title =	 {},
  year =	 2024,
  url =		 {https://www.youtube.com/watch?v=pCxvyIx922A},
  urldate =	 {},
}



@online{ -Ver-2024,
  author =	 {},
  title =	 {},
  year =	 2024,
  url =		 {https://www.youtube.com/watch?v=3JhKU_ujlhs},
  urldate =	 {},
}



@online{ -ETC-Ver-2024,
  author =	 {},
  title =	 {},
  year =	 2024,
  url =		 {https://www.youtube.com/watch?v=7OwdCc81zHo},
  urldate =	 {},
}












@Comment #############################################################
@Comment
@Comment #############################################################


@online{ -Ver-2019,
  author =	 {},
  title =	 {},
  year =	 2019,
  url =		 {https://www.youtube.com/watch?v=r6vNthpQtSI},
  urldate =	 {},
}









@Comment #############################################################
@Comment
@Comment #############################################################


@online{ -ETC-Ver-2024,
  author =	 {},
  title =	 {},
  year =	 2024,
  url =
                  {https://wideinfo.org/c-programming-is-still-running-the-world/},
  urldate =	 {},
  note =	 {Wide Info}
}










@Comment #############################################################
@Comment
@Comment #############################################################


@online{ -ETC-Ver-2024,
  author =	 {},
  title =	 {},
  year =	 2024,
  url =		 {https://www.youtube.com/watch?v=1GGPwckQ2zE},
  urldate =	 {},
}










@Comment #############################################################
@Comment
@Comment #############################################################


@online{ ,
  author =	 {},
  title =	 {},
  year =	 2016,
  url =		 {https://www.youtube.com/watch?v=oERlVYfLTn8},
  urldate =	 {},
}













@Comment #############################################################
@Comment
@Comment #############################################################


@online{ ,
  author =	 {},
  title =	 {},
  url =
                  {https://montcs.bloomu.edu/Information/LowLevel/Assembly/hello-asm.html},
  urldate =	 {},
}



@online{ -ETC-Ver-2016,
  author =	 {},
  title =	 {},
  year =	 2016,
  url =		 {https://www.youtube.com/watch?v=oERlVYfLTn8},
  urldate =	 {},
}



@online{ -Ver-2024,
  author =	 {},
  title =	 {},
  year =	 2024,
  url =		 {https://www.youtube.com/watch?v=8VsiYWW9r48},
  urldate =	 {},
}



@online{ -Ver-2024,
  author =	 {},
  title =	 {},
  year =	 2024,
  url =		 {https://www.youtube.com/watch?v=9gXeS8BoLmE},
  urldate =	 {},
}



@online{ -Ver-2020,
  author =	 {},
  title =	 {},
  year =	 2020,
  url =		 {https://www.youtube.com/watch?v=8_0tbkbSGRE},
  urldate =	 {},
}



@online{ -ETC-Ver-2020,
  author =	 {},
  title =	 {},
  year =	 2020,
  url =		 {https://www.youtube.com/watch?v=bVJ-mWWL7cE},
  urldate =	 {},
}



@online{ -Ver-2016,
  author =	 {},
  title =	 {},
  year =	 2024,
  url =		 {https://www.youtube.com/watch?v=yAdt5NGZwCk},
  urldate =	 {},
}



@online{ -Ver-2015,
  author =	 {},
  title =	 {},
  year =	 2015,
  url =		 {https://www.youtube.com/watch?v=yOyaJXpAYZQ},
  urldate =	 {},
}



@online{ -Ver-2022,
  author =	 {},
  title =	 {},
  year =	 2022,
  url =		 {https://www.youtube.com/watch?v=4gwYkEK0gOk},
  urldate =	 {},
}



@online{ -Ver-2017,
  author =	 {},
  title =	 {},
  year =	 2017,
  url =		 {https://www.youtube.com/watch?v=QXjU9qTsYCc},
  urldate =	 {},
}



@online{ -Ver-2024,
  author =	 {},
  title =	 {},
  year =	 2024,
  url =		 {https://www.youtube.com/watch?v=8VsiYWW9r48},
  urldate =	 {},
}



@online{ -Ver-2013,
  author =	 {},
  title =	 {},
  year =	 2013,
  url =		 {https://www.youtube.com/watch?v=Mv2XQgpbTNE},
  urldate =	 {},
}



@online{ -ETC-Ver-2023,
  author =	 {},
  title =	 {},
  year =	 2023,
  url =		 {https://www.youtube.com/watch?v=lw_Lnyhvy-c},
  urldate =	 {},
}



@online{ -ETC-Ver-2020,
  author =	 {},
  title =	 {},
  year =	 2020,
  url =		 {https://www.youtube.com/watch?v=FV6P5eRmMh8},
  urldate =	 {},
}










@Comment #############################################################
@Comment
@Comment #############################################################


@Comment ###############################
@Comment
@Comment ###############################


@online{ -ETC-Ver-2018,
  author =	 {},
  title =	 {},
  year =	 {2018},
  url =
                  {https://opensource.com/article/18/5/you-dont-know-bash-intro-bash-arrays},
  urldate =	 {},
}



@online{ -Ver-2019,
  author =	 {},
  title =	 {},
  year =	 {2019},
  url =		 {https://opensource.com/article/19/10/programming-bash-syntax-tools},
  urldate =	 {},
}



@online{ -Ver-2020,
  author =	 {},
  title =	 {},
  year =	 2020,
  url =		 {https://linuxize.com/post/bash-functions/},
  urldate =	 {},
}



@online{ -Ver-2003,
  author =	 {},
  title =	 {},
  year =	 {2003},
  url =		 {https://tldp.org/HOWTO/Bash-Prompt-HOWTO/index.html},
  urldate =	 {},
}



@online{ -Ver-2022,
  author =	 {},
  title =	 {},
  year =	 2022,
  url =
                  {https://www.digitalocean.com/community/tutorials/grep-command-in-linux-unix},
  urldate =	 {},
}



@online{ -ETC-Ver-2022,
  author =	 {},
  title =	 {},
  year =	 2022,
  url =
                  {https://www.digitalocean.com/community/tutorials/linux-ps-command},
  urldate =	 {},
}



@online{ -Ver-2023,
  author =	 {},
  title =	 {},
  year =	 {2023},
  url =		 {https://linuxiarze.pl/porady-admina-procps-kill/},
  urldate =	 {},
}



@online{ -ETC-Ver-2023,
  author =	 {},
  title =	 {},
  year =	 {2023},
  url =		 {https://ioflood.com/blog/kill-linux-command/},
  urldate =	 {},
}



@online{ ,
  author =	 {},
  title =	 {},
  url =
                  {https://ryanstutorials.net/bash-scripting-tutorial/bash-if-statements.php},
  urldate =	 {},
}



@online{ ,
  author =	 {},
  title =	 {},
  url =
                  {https://ryanstutorials.net/bash-scripting-tutorial/bash-loops.php},
  urldate =	 {},
}


@online{ ,
  author =	 {},
  title =	 {},
  journal =	 {Entropy},
  volume =	 {19},
  year =	 {2017},
  number =	 {7},
  article-number ={361},
  doi =		 {10.3390/e19070361},
  url =		 {https://www.mdpi.com/1099-4300/19/7/361},
  urldate =	 {},
}










@Comment #############################################################
@Comment
@Comment #############################################################













@Comment #############################################################
@Comment
@Comment #############################################################


@online{ ,
  author =	 {},
  title =	 {},
  url =
                  {https://www.cmor-faculty.rice.edu/~heinken/latex/symbols.pdf},
  urldate =	 {},
}










@Comment ###############################
@Comment
@Comment ###############################


@online{ ,
  author =	 {},
  title =	 {},
  url =
                  {https://tug.ctan.org/macros/latex/contrib/beamer/doc/beameruserguide.pdf},
  urldate =	 {},
}










@Comment #############################################################
@Comment
@Comment #############################################################





@online{ ,
  author =	 {},
  title =	 {},
  url =
                  {https://www.cs.colby.edu/maxwell/courses/tutorials/maketutor/},
  urldate =	 {},
}



@online{ -2018,
  author =	 {},
  title =	 {},
  url =
                  {https://opensource.com/article/18/8/what-how-makefile},
  urldate =	 {},
}










@Comment #############################################################
@Comment
@Comment #############################################################


@online{ -ETC-2018,
  author =	 {},
  title =	 {},
  url =
                  {https://opensource.com/article/18/8/what-how-makefile},
  urldate =	 {},
}
