@Comment #############################################################
@Comment #############################################################
@Comment ALGEBRAIC QFT, ARTICLES
@Comment #############################################################
@Comment #############################################################


@article{ BuchholzFredenhagenAlgebraicQuantumFieldTheoryETC2023,
  author =	 {Detlev Buchholz and Kalus Fredenhagen},
  title =	 {Algebraic quantum field theory: objectives, methods,
                  and results},
  journal =	 {{}},
  year =	 2023,
  doi =		 {{}},
  archivePrefix ={arXiv},
  eprint =	 2305.12923,
  primaryClass = {math-ph},
}



@article{ HaagLocalQunatumPhysicsAndModels1993,
  author =	 {Rudolf Haag},
  title =	 {Local Quantum Physics and Models},
  journal =	 {Commun. Math. Phys.},
  year =	 1993,
  volume =	 155,
  pages =	 {199-204},
}



@article{ HaagQuestionsInQuantumPhysicsETC2000,
  author =	 {Rudolf Haag},
  title =	 {Questions in~quantum physics: a~personal view},
  journal =	 {{}},
  year =	 2000,
  doi =		 {https://doi.org/10.48550/arXiv.hep-th/0001006},
  archivePrefix ={arXiv},
  eprint =	 {arXiv:hep-th/0001006},
  primaryClass = {hep-ph},
}



@article{ HaagOnTheSharpnessOfLocalizationETC2013,
  author =	 {Rudolf Haag},
  title =	 {On the~Sharpness~of Localization~of Individual
                  Events in~Space and~Time},
  journal =	 {{}},
  year =	 2013,
  doi =		 {https://doi.org/10.48550/arXiv.1303.6431},
  archivePrefix ={arXiv},
  eprint =	 {arXiv:1303.6431},
  primaryClass = {quant-ph},
}



@article{ HaagOnQuantumTheory2016,
  author =	 {Rudolf Haag},
  title =	 {On~Quantum Theory},
  journal =	 {{}},
  year =	 2023,
  doi =		 {https://doi.org/10.48550/arXiv.1602.05426},
  archivePrefix ={arXiv},
  eprint =	 {arXiv:1602.05426},
  primaryClass = {quant-ph},
}



@article{ SchroerRudolfHaagsLegacyETC2016,
  author =	 {Bert Schroer},
  title =	 {Rudolf Haag's legacy of Local Quantum Physics and
                  reminiscences about a~cherish teacher and friend},
  journal =	 {{}},
  year =	 2016,
  doi =		 {https://doi.org/10.48550/arXiv.1612.00003},
  archivePrefix ={arXiv},
  eprint =	 1612.00003,
  primaryClass = {math-ph},
}