@Comment #############################################################
@Comment #############################################################
@Comment AUDIOVIUSAL ARTS, BOOKS
@Comment #############################################################
@Comment #############################################################



@Comment #############################################################
@Comment CINEMA AND MOVIES
@Comment #############################################################


@book{ Deleuze-Kino-Obraz-ruch-Obraz-czas-Wyd-2008,
  author =	 {Gilles Deleuze},
  title =	 {Kino. 1.~Obraz\dywiz{}ruch. 2.~Obraz\dywiz{}czas},
  publisher =	 {słowo/obraz terytoria},
  address =	 {Gdańsk},
  year =	 2008,
  edition =	 {I},
  series =	 {Klasyka Światowej Humanistyki},
}



@book{ Red-Gwozdz-Europejskie-Manifesty-Kina-Wyd-2002,
  editor =	 {Wyb.~Andrzej Gwóźdź},
  title =	 {Europejskie manifesty kina. Od~Matuszewskiego
                  do~Dogmy. Antologia},
  publisher =	 {Wiedza Powszechna},
  series =	 {Klasyka Światowej Humanistyki},
  address =	 {Warszawa},
  year =	 2002,
  edition =	 {I},
}



@book{ Loska-Hitchcock-autor-wsrod-gatunkow-Wyd-2002,
  author =	 {Krzysztof Loska},
  title =	 {Hitchcock~-- autor wśród gatunków},
  publisher =	 {Rabid},
  address =	 {Kraków},
  year =	 2002,
  edition =	 {I},
}










@Comment #############################################################
@Comment POLISH CINEMA AND MOVIES
@Comment #############################################################


@book{ Haltof-Kino-polskie-Wyd-2004,
  author =	 {Marek Haltof},
  title =	 {Kino polskie},
  publisher =	 {słowo/obraz terytoria},
  address =	 {Gdańsk},
  year =	 2004,
  edition =	 {I},
}



@book{ Kornacki-Popiol-i-diament-Andrzej-Wajdy-Wyd-2011,
  author =	 {Krzysztof Kornacki},
  title =	 {Popiół i~diament Andrzeja Wajdy},
  publisher =	 {słowo/obraz terytoria},
  address =	 {Gdański},
  year =	 2011,
  edition =	 {I},
}










@Comment #############################################################
@Comment CINEMA AND MOVIES OF EAST EUROASIA
@Comment #############################################################


@book{ Kletowski-Kino-Dalekiego-Wschodu-Wyd-2009,
  author =	 {Piotr Kletowski},
  title =	 {Kino Dalekiego Wschodu},
  publisher =	 {Wydawnictwo Krytyki Politycznej},
  address =	 {Warszawa},
  year =	 2009,
  edition =	 {I},
}



@book{ Kletowski-Sfilomowac-Dusze,
  author =	 {Piotr Kletowski},
  title =	 {Sfilmować duszę. Mała historia kina japońskiego},
  publisher =	 {Centrum Sztuki i~Techniki Japońskiej Manggha},
  address =	 {Kraków},
  year =	 {?},
  edition =	 {I},
}










@Comment #############################################################
@Comment CINEMA OF WEST EUROASIA
@Comment #############################################################


@book{ Red-Kletowski-Europejskie-Kino-Gatunkow-Wyd-2016,
  editor =	 {Piotr Kletowski},
  title =	 {Europejskie Kino Gatunków},
  publisher =	 {Wydawnictwo Uniwersytetu Jagiellońskiego},
  address =	 {Kraków},
  year =	 2016,
  edition =	 {I},
}



@book{ Red-Kletowski-Peplinski-Europejskie-Kino-Gatunkow-II-Wyd-2020,
  editor =	 {Piotr Kletowski and Maciej Peplinski},
  title =	 {Europejskie Kino Gatunków 2},
  publisher =	 {Wydawnictwo Uniwersytetu Jagiellońskiego},
  address =	 {Kraków},
  year =	 2020,
  edition =	 {I},
}



@book{ Szczepanski-Zwierciadlo-Bergmana-Wyd-2007,
  author =	 {Tadeusz Szczepański},
  title =	 {Zwierciadło Bergmana},
  publisher =	 {słowo/obraz terytoria},
  address =	 {Gdańsk},
  year =	 2007,
  edition =	 {III, poprawione i~uzupełnione},
}










@Comment #############################################################
@Comment ANALYSIS OF GRZEGORZ KRÓLIKIEWICZ AND HIS STUDENDS, BOOKS
@Comment #############################################################


@book{ Krolikiewicz-Gora-Stoi-Wyd-1995,
  author =	 {Grzegorz Królikiewicz},
  title =	 {Góra stoi! Próba analizy filmu Akiry Kurosawy
                  „Sobowtór”},
  publisher =	 {Studio Filmowe~N},
  address =	 {Łódź},
  year =	 1995,
  edition =	 {I},
}
