@Comment #############################################################
@Comment #############################################################
@Comment BIOGRAPHIES OF PEOPLE IMPORTANT TO HOLY FAITH, BOOKS
@Comment #############################################################
@Comment #############################################################



@Comment #############################################################
@Comment BIOGRAPHIES OF SAINTS
@Comment #############################################################



@Comment ###############################
@Comment BIOGRAPHIES OF SAINTS LIVING IN XV AND XVI CENTURY AFTER CHRIST
@Comment ###############################










@Comment ###############################
@Comment BIOGRAPHIES OF SAINTS LIVING IN XVI AND XVII CENTURY AFTER CHRIST
@Comment ###############################










@Comment ###############################
@Comment BIOGRAPHIES OF SAINTS LIVING IN XVII AND XVIII CENTURY
@Comment AFTER CHRIST
@Comment ###############################










@Comment ###############################
@Comment BIOGRAPHIES OF SAINTS LIVING IN XVIII AND XIX CENTURY AFTER CHRIST
@Comment ###############################










@Comment ###############################
@Comment BIOGRAPHIES OF SAINTS LIVING IN XIX AND XX CENTURIES AFTER CHRIST
@Comment ###############################


@book{ GorczycaEdytaStein2003,
  author =	 {Jakub Gorczyca SJ},
  title =	 {Edyta Stein},
  publisher =	 {Wydawnictwo WAM},
  address =	 {Kraków},
  year =	 2003,
  edition =	 {I},
  series =	 {Wielcy Ludzie Kościoła},
}










@Comment ###############################
@Comment BIOGRAPHIES OF SAINTS LIVING IN XX AND XXI CENTURIES AFTER CHRIST
@Comment ###############################


@book{ NowakJanPawelIIKronikaZyciaIPontyfikatu2015,
  author =	 {Andrzej Nowak},
  title =	 {Jan Paweł~II. Kroniki życia i~pontyfikatu},
  publisher =	 {Wydawnictwo Olesiejuk},
  address =	 {Kraków},
  year =	 2015,
  edition =	 {I},
}










@Comment #############################################################
@Comment BIOGRAPHIES OF VARIOUS PEOPLE THAT WERE AND ARE IMPORTANT TO
@Comment THE HOLY FAITH
@Comment #############################################################



@Comment ###############################
@Comment BIOGRAPHIES OF PEOPLE LIVING IN I CENTURY BEFORE AND AFTER CHRIST
@Comment ###############################










@Comment ###############################
@Comment BIOGRAPHIES OF PEOPLE LIVING IN II AND III CENTURIES AFTER CHRIST
@Comment ###############################


@book{ PietrasOrygenes2001,
  author =	 {Henryk Pietras SJ},
  title =	 {Orygenes},
  publisher =	 {Wydawnictwo WAM},
  address =	 {Kraków},
  year =	 2001,
  edition =	 {I},
  series =	 {Wielcy Ludzie Kościoła},
}










@Comment ###############################
@Comment BIOGRAPHIES OF PEOPLE LIVING IN XVI AND XVII CENTURY AFTER CHRIST
@Comment ###############################


@book{ KoniorMatteoRicci2013,
  author =	 {Jan Koniro SJ},
  title =	 {Matteo Ricci},
  publisher =	 {Wydawnictwo WAM},
  address =	 {Kraków},
  year =	 2013,
  edition =	 {I},
  series =	 {Wielcy Ludzie Kościoła},
}










@Comment ###############################
@Comment BIOGRAPHIES OF PEOPLE LIVING IN XIX AND XX CENTURY
@Comment AFTER CHRIST
@Comment ###############################


@book{ GuerrieroHansUrsVonBalthasarMonografia2004,
  author =	 {Elio Guerriero},
  title =	 {Hans Urv von Balthasar. Monografia},
  publisher =	 {Wydawnictwo M},
  address =	 {Kraków},
  year =	 2004,
  edition =	 {I},
  note =	 {Tłum. Monika Rodkiewicz},
}



@book{ KowalczykKarlRahner2001,
  author =	 {Dariusz Kowalczyk SJ},
  title =	 {Karl Rahner},
  publisher =	 {Wydawnictwo WAM},
  address =	 {Kraków},
  year =	 2001,
  edition =	 {I},
  series =	 {Wielcy Ludzie Kościoła},
}



@book{ PiotrowskiHansUrsVonBalthasar2005,
  author =	 {Ks.~Eligiusz Piotrowski},
  title =	 {Hans Urs von~Balthasar},
  publisher =	 {Wydawnictwo WAM},
  address =	 {Kraków},
  year =	 2005,
  edition =	 {I},
  series =	 {Wielcy Ludzie Kościoła},
}



@book{ WojtowiczHenriDeLubac2004,
  author =	 {Marek Wójtowicz S.J.},
  title =	 {Henri de~Lubac},
  publisher =	 {Wydawnictwo WAM},
  address =	 {Kraków},
  year =	 2004,
  edition =	 {I},
  series =	 {Wielcy Ludzie Kościoła},
}










@Comment ###############################
@Comment BIOGRAPHIES OF PEOPLE LIVING IN XX AND XXI CENTURY AFTER CHRIST
@Comment ###############################


@book{ HahnWDomuNajlepiej2009,
  author =	 {Scott Hahn, Kimberly Hahn},
  title =	 {W~domu najlepiej. Nasza droga do Kościoła
                  katolickiego},
  publisher =	 {Wydawnictwo Księży Marianów~MIC},
  address =	 {Warszawa},
  year =	 2009,
  edition =	 {II},
  note =	 {Tłum. Mira Majda},
}










@Comment #############################################################
@Comment WORKS ON LIFE AND THOUGHT OF SAINTS
@Comment #############################################################



@Comment ###############################
@Comment WORKS ABOUT SAINT LIVING IN XIX AND XX CENTURIES AFTER CHRIST
@Comment ###############################










@Comment ###############################
@Comment WORKS ABOUT SAINT LIVING IN XX AND XXI CENTURIES
@Comment AFTER CHRIST
@Comment ###############################


@book{ SzukajacPrawdyEdytaSteinWKulturzePolskiej1998,
  author =	 {Red. Anita Czarniecka-Stefańska},
  title =	 {Szukając prawdy. Edyta Stein w~kulturze polskiej},
  publisher =	 {Wydawnictwo Uniwerystetu Wrocławskiego},
  address =	 {Wrocław},
  year =	 1998,
  edition =	 {I},
}










@Comment ###############################
@Comment WORKS ON PEOPLE LIVING IN XX AND XXI CENTURY AFTER CHRIST
@Comment ###############################


@book{ PoslugaMysleniaTomIX2011,
  author =	 {Red. Jarosław Kupczak~OP},
  title =	 {Jan Paweł II. Posługa myślenia},
  publisher =	 {Wydawnictwo Naukowe Uniwersytetu Papieskiego Jana
                  Pawła~II w~Krakowie},
  address =	 {Kraków},
  year =	 2011,
  edition =	 {I},
  series =	 {Studia nad myślą Jana Pawła~II},
  volume =	 9,
}










@Comment #############################################################
@Comment WORKS ON LIFE AND THOUGHT OF THE BLESSED
@Comment #############################################################










@Comment #############################################################
@Comment WORKS ON LIFE AND THOUGHT OF PEOPLE IMPORTANT TO
@Comment THE HOLY FAITH
@Comment #############################################################



@Comment ###############################
@Comment WORKS ON PEOPLE LIVING IN XX AND XXI CENTURY
@Comment AFTER CHRIST
@Comment ###############################


@book{ SeewaldBenedyktXVI2016,
  author =	 {Peter Seewald},
  title =	 {Benedykt XVI. Ostatnie rozmowy},
  publisher =	 {Dom Wydawniczy RAFAEL},
  address =	 {Kraków},
  year =	 2016,
  edition =	 {I},
}
