@Comment #############################################################
@Comment #############################################################
@Comment Biology, books
@Comment #############################################################
@Comment #############################################################


@Comment #############################################################
@Comment Amphibian
@Comment #############################################################


@book{ Mazgajska-Plazy-swiata-Pub-2009,
  author =	 {Joanna Mazgajska},
  title =	 {Płazy świata},
  publisher =	 {Wydawnictwo Naukowe~PWN},
  address =	 {Warszawa},
  year =	 2009,
  edition =	 {I},
  isbn =	 {978-83-01-15846-0},
}










@Comment #############################################################
@Comment Evolution theory
@Comment #############################################################


@book{ Krzanowska-et-al-Zarys-mechanizmow-ewolucji-Pub-2002,
  author =	 {H. Krzanowska and A. Łomnicki and J. Rafiński and H.
                  Szarski and J. M. Szymura},
  title =	 {Zarys mechanizmów ewolucji},
  publisher =	 {Wydawnictwo Naukowe PWN},
  address =	 {Warszawa},
  year =	 2002,
  edition =	 {III~-- zmienione},
}










@Comment #############################################################
@Comment Introduction to biology
@Comment #############################################################


@book{ Kunicki-Goldfinger-Podstaw-Biologii-Pub-1980,
  author =	 {Władysław J.~H.~Kunicki-Goldfinger},
  title =	 {Podstawy biologii. Od~bakterii do~człowieka},
  publisher =	 {Państwowe Wydawnictwo Naukowe},
  address =	 {Warszawa},
  year =	 1980,
  edition =	 {II},
}
