@Comment #############################################################
@Comment #############################################################
@Comment BIOLOGY, ARTICLES
@Comment #############################################################
@Comment #############################################################


@article{ Cloak-Is-a-Clutural-Ethology-Possible-1975,
  author =	 {F.T. Cloak, Jr.},
  title =	 {Is a~Cultural Ethology Possible?},
  journal =	 {Human Ecology},
  year =	 1975,
  volume =	 3,
  number =	 3,
  pages =	 {161-182},
}
