@Comment #############################################################
@Comment #############################################################
@Comment CASIMIR EFFECT, BOOKS
@Comment #############################################################
@Comment #############################################################


@book{ MiltonTheCasimirEffect2001,
  author =	 {K.A.~Milton},
  title =	 {The Casimir Effect},
  publisher =	 {WORLD SCIENTIFIC},
  year =	 2001,
  doi =		 {10.1142/4505},
  URL =
                  {https://www.worldscientific.com/doi/abs/10.1142/4505},
  eprint =
                  {https://www.worldscientific.com/doi/pdf/10.1142/4505}
}