@Comment #############################################################
@Comment #############################################################
@Comment CASIMIR EFFECT, ARTICLES
@Comment #############################################################
@Comment #############################################################



@Comment #############################################################
@Comment APPLICATIONS OF CASIMIR EFFECT
@Comment #############################################################


@article{ Serry-et-al-The-role-of-the-Casimir-effect-in-the-static-ETC-1998,
  author =	 {F. Michael Serry and Dirk Walliser and G. Jordan
                  Maclay},
  title =	 {The role of the Casimir effect in the static
                  deflection and stiction of membrane strips in
                  microelectromechanical systems (MEMS)},
  journal =	 {Journal of Applied Physics},
  year =	 1998,
  volume =	 84,
  pages =	 2501,
  doi =		 {https://doi.org/10.1063/1.368410},
}



@article{ Leonhardt-Lifshitz-theory-of-the-cosmological-constant-2019,
  author =	 {Ulf Leonhardt},
  title =	 {Lifshitz theory of the cosmological constant},
  journal =	 {Annals of Physics},
  year =	 2019,
  volume =	 411,
  pages =	 167973,
  issn =	 {0003-4916},
  doi =		 {10.1016/j.aop.2019.167973},
  url =
                  {https://www.sciencedirect.com/science/article/pii/S0003491619302283},
  archivePrefix ={arXiv},
  eprint =	 {1910.02441},
  primaryClass = {gr-qc},
}










@Comment #############################################################
@Comment CASIMIR EFFECT, REVIEW ARTICLES
@Comment #############################################################


@article{ Klimchitskaya-Mostepanenko-Experiment-and-theory-ETC-2006,
  author =	 {G.L. Klimchitskaya and V.M. Mostepanenko},
  title =	 {Experiment and theory in the~Casimir effect},
  journal =	 {Contemporary Physics},
  volume =	 47,
  number =	 3,
  pages =	 {131--144},
  year =	 2006,
  publisher =	 {Taylor \&~Francis},
  doi =		 {10.1080/00107510600693683},
  URL =		 {https://doi.org/10.1080/00107510600693683},
  archivePrefix ={arXiv},
  eprint =	 0609145,
  primaryClass = {quant-ph},
}



@article{ Bordag-Mohideen-Mostepanenko-New-Developments-ETC-2001,
  author =	 {M.~Bordag and U.~Mohideen and V.M.~Mostepanenko},
  title =	 {New delepoments in~the~Casimir effect},
  journal =	 {Physics Reports},
  year =	 2001,
  volume =	 353,
  number =	 {1--3},
  pages =	 {1--205},
  doi =		 {10.1016/S0370-1573(01)00015-1},
  archivePrefix ={arXiv},
  eprint =	 0106045,
  primaryClass = {quant-ph},
}



@article{ Klimchitskaya-Mostepanenko-Current-status-ETC-2022,
  author =	 {G.L. Klimchitskaya and V.M. Mostepanenko},
  title =	 {Current status~of the~problem of thermal Casimir
                  force},
  journal =	 {International Journal~of Modern Physis~A},
  year =	 2022,
  volumef =	 37,
  number =	 19,
  pages =	 2241002,
  doi =		 {https://doi.org/10.1142/S0217751X22410020},
  archivePrefix ={arXiv},
  eprint =	 {2204.06290},
  primaryClass = {quant-ph},
}










@Comment #############################################################
@Comment DYNAMICAL CASIMIR EFFECTS, REVIEW ARTICLES
@Comment #############################################################


@article{ Dodonov-Fifty-Years-of-the-Dynamical-Casimir-Effect-2020,
  author =	 {Viktor Dodonov},
  title =	 {Fifty Years of the~Dynamical Casimir Effect},
  year =	 2020,
  journal =	 {Physics},
  volume =	 2,
  number =	 1,
  pages =	 {67--104},
  issn =	 {2624-8174},
  doi =		 {10.3390/physics2010007},
  url =		 {https://www.mdpi.com/2624-8174/2/1/7},
}










@Comment #############################################################
@Comment EXPERIMENTAL INVESTIGATION OF CASIMIR EFFECTS
@Comment #############################################################


@article{ Biomonte-Lopez-Decca-Isoelectronic-determination-ETC-2016,
  author =	 {G. Bimonte and D. L\'{o}pez and R.S. Decca},
  title =	 {Isoelectronic determination of the thermal Casimir
                  force},
  journal =	 {Phys. Rev. B},
  publisher =	 {American Physical Society},
  year =	 2016,
  month =	 05,
  volume =	 93,
  issue =	 18,
  pages =	 184434,
  numpages =	 15,
  doi =		 {10.1103/PhysRevB.93.184434},
  url =		 {https://link.aps.org/doi/10.1103/PhysRevB.93.184434},
  archivePrefix ={arXiv},
  eprint =	 {1509.05349},
  primaryClass = {cond-mat.mes-hall},
}



@article{ Blokland-Overbeek-van-der-Waals-Forces-between-ETC-1978,
  author =	 {Peter H.G.M. van Blokland and J.~Theodoor
                  G.~Overbeek},
  title =	 {van der Waals forces between objects covered with
                  a~chromium layer},
  journal =	 {J. Chem. Soc.{,} Faraday Trans. 1},
  year =	 1978,
  volume =	 74,
  pages =	 {2637--2651},
  publisher =	 {The Royal Society of Chemistry},
  doi =		 {10.1039/F19787402637},
  url =		 {http://dx.doi.org/10.1039/F19787402637},
}



@article{ Bressi-et-al-Experimental-studies-of-macroscopic-ETC-2001,
  author =	 {G. Bressi and G. Carugno and A. Galvani and R.
                  Onofrio and G. Ruoso and F. Veronese},
  title =	 {Experimental studies of macroscopic forces in the
                  micrometre range},
  journal =	 {Class. Quantum Grav.},
  year =	 2001,
  volume =	 88,
  pages =	 3943,
  doi =		 {10.1088/0264-9381/18/18/313},
}



@article{ Bressi-et-al-Measurement-of-the-Casimir-Force-ETC-2002,
  author =	 {G. Bressi and G. Carugno and R. Onofrio and G.
                  Ruoso},
  title =	 {Measurement of the Casimir Force between Parallel
                  Metallic Surfaces},
  journal =	 {Phys. Rev. Lett.},
  publisher =	 {American Physical Society},
  year =	 2002,
  month =	 01,
  volume =	 88,
  issue =	 4,
  pages =	 041804,
  numpages =	 4,
  doi =		 {https://doi.org/10.1103/PhysRevLett.88.041804},
  url =
                  {https://link.aps.org/doi/10.1103/PhysRevLett.88.041804},
  archivePrefix ={arXiv},
  eprint =	 {0203002},
  primaryClass = {quant-ph},
}



@article{ Decca-et-al-Imporved-tests-of-extra-dimensional-ETC-2003,
  author =	 {R. S. Decca and E. Fischbach and G. L. Klimchitskaya
                  and D. E. Krause and D. L\'{o}pez and V. M.
                  Mostepanenko},
  title =	 {Improved tests of extra-dimensional physics and
                  thermal quantum field theory from new Casimir force
                  measurements},
  journal =	 {Phys. Rev. D},
  publisher =	 {American Physical Society},
  year =	 2003,
  month =	 12,
  volume =	 68,
  issue =	 11,
  pages =	 116003,
  numpages =	 15,
  doi =		 {10.1103/PhysRevD.68.116003},
  url =		 {https://link.aps.org/doi/10.1103/PhysRevD.68.116003},
  archivePrefix ={arXiv},
  eprint =	 0310157,
  primaryClass = {hep-ph},
}



@article{ Chan-et-al-Quantum-mechanical-actuation-ETC-2001,
  author =	 {H.B. Chan and V.A. Aksyuk and R.N. Kleiman and D.J.
                  Bishop and Federico Capasso},
  title =	 {Quantum mechanical actuation~of
                  microelectromechanical systems by the Casimir force},
  journal =	 {Science},
  publisher =	 {American Physical Society},
  year =	 2001,
  month =	 03,
  volume =	 291,
  issue =	 5510,
  pages =	 {1941--1944},
  doi =		 {10.1126/science.1057984},
}



@article{ Garcia-Sanchez-et-al-Casimir-Force-and-In-Situ-ETC-2012,
  author =	 {Daniel Garcia-Sanchez and King Yan Fong and Harish
                  Bhaskaran and Steve Lamoreaux and Hong X.~Tang},
  title =	 {Casimir Force and \textit{In Situ} Surface Potential
                  Measurments on~Nanomembranes},
  journal =	 {Physical Review Letters},
  publisher =	 {American Physical Society},
  year =	 2012,
  volume =	 109,
  pages =	 027202,
  doi =		 {https://doi.org/10.1103/PhysRevLett.109.027202},
  url =
                  {https://link.aps.org/doi/10.1103/PhysRevLett.109.027202},
  archivePrefix ={arXiv},
  eprint =	 {1207.4429},
  primaryClass = {quant-ph},
}



@article{ Garcia-Sanchez-et-al-Erratum-Caismir-Force-and-In-Situ-ETC-2012,
  author =	 {Daniel Garcia-Sanchez and King Yan Fong and Harish
                  Bhaskaran and Steve Lamoreaux and Hong X.~Tang},
  title =	 {Erratum: Casimir Force and \textit{In Situ} Surface
                  Potential Measurements on Nanomembranes [Phys. Rev.
                  Lett. 109, 027202 (2012)]},
  journal =	 {Phys. Rev. Lett.},
  publisher =	 {American Physical Society},
  year =	 2012,
  month =	 10,
  volume =	 109,
  issue =	 15,
  pages =	 159902,
  numpages =	 1,
  doi =		 {https://doi.org/10.1103/PhysRevLett.109.027202},
  url =
                  {https://link.aps.org/doi/10.1103/PhysRevLett.109.159902},
}




@article{ Klimchitskaya-Mostepanenko-Comparison-of-the-Lifshitz-ETC-2023,
  author =	 {G.L. Klimchitskaya and V.M. Mostepanenko},
  title =	 {Comparison~of the~Lifshitz Theory Using
                  the~Nonconventional Fit~of Response Functions with
                  Precise Measurements~of the~Casimir Force},
  journal =	 {Symmetry},
  year =	 2023,
  volume =	 15,
  number =	 5,
  article-number =1011,
  issn =	 {2073-8994},
  doi =		 {10.3390/sym15051011},
  url =		 {https://www.mdpi.com/2073-8994/15/5/1011},
  archivePrefix ={arXiv},
  eprint =	 {2305.02608},
  primaryClass = {quant-ph},
}



@article{ Lambrecht-Reynaud-Casimir-Effect-ETC-2012,
  author =	 {Astrid Lambrech and Serge Reynaud},
  title =	 {Casimir Effect: Theory and~Experiments},
  journal =	 {International Journal~of Modern Physics~A},
  year =	 2012,
  volume =	 27,
  number =	 15,
  doi =		 {https://doi.org/10.1142/S0217751X12600135},
  archivePrefix ={arXiv},
  eprint =	 {1112.1301},
  primaryClass = {quant-ph},
}



@article{ Lamoreaux-Demonstration-of-the-Casimir-Force-ETC-1997,
  author =	 {S.K. Lamoreaux},
  title =	 {Demonstration of the Casimir Force in the $0.6$ to
                  $6 \, \ensuremath{\mu}\si{m}$ Range},
  journal =	 {Phys. Rev. Lett.},
  publisher =	 {American Physical Society},
  year =	 1997,
  month =	 01,
  volume =	 78,
  issue =	 1,
  pages =	 {5--8},
  numpages =	 0,
  doi =		 {10.1103/PhysRevLett.78.5},
  url =		 {https://link.aps.org/doi/10.1103/PhysRevLett.78.5},
}



@article{ Lamoreaux-Erratum-Demonstration-of-the-Casimir-Force-ETC-1998,
  author =	 {S.K. Lamoreaux},
  title =	 {Erratum: Demonstration of the Casimir Force in
                  the~$0.6$ to $6 \, \mathit{\ensuremath{\mu}}\si{m}$
                  Range [Phys. Rev. Lett. 78, 5 (1997)]},
  journal =	 {Phys. Rev. Lett.},
  publisher =	 {American Physical Society},
  year =	 1998,
  month =	 12,
  volume =	 81,
  issue =	 24,
  pages =	 {5475--5476},
  numpages =	 0,
  doi =		 {10.1103/PhysRevLett.81.5475},
  url =
                  {https://link.aps.org/doi/10.1103/PhysRevLett.81.5475},
}



@online{ Lamoreaux-Systematic-Correction-ETC-2012,
  author =	 {S.K. Lamoreaux},
  title =	 {Systematic Correction "Demonstration of the Casimir
                  Force in the $0.6$ to $6$ micrometer Range"},
  year =	 2012,
  doi =		 {https://doi.org/10.48550/arXiv.1007.4276},
  archivePrefix ={arXiv},
  eprint =	 {1007.4276},
  primaryClass = {quant-ph},
  note =	 {ArXiv e-prints},
}



@article{ Sedmik-Pitschmann-Next-Generation-Design-ETC-2021,
  author =	 {Ren\'{e} I. Sedmik and Mario Pitschmann},
  title =	 {Next Generation Design and Prospects for
                  \textsc{cannex}},
  journal =	 {Universe},
  year =	 2021,
  volume =	 7,
  issue =	 7,
  pages =	 234,
  doi =		 {https://doi.org/10.3390/universe7070234},
  archivePrefix ={arXiv},
  eprint =	 {2107.07645},
  primaryClass = {physics.ins-det},
}



@article{ SparnaayMeasurmentsOfAttractiveForces1958,
  author =	 {M. J. Sparnaay},
  title =	 {Measurements of attractive forces between flat
                  plates},
  journal =	 {Physica},
  year =	 1958,
  volume =	 24,
  pages =	 {751--764},
  doi =		 {https://doi.org/10.1016/S0031-8914(58)80090-7},
}



@article{ Tang-et-al-Measurment-of-non-monotonic-ETC-2017,
  author =	 {L. Tang and M. Wang and C.Y. Ng and M. Nikolic and
                  C.T. Chan and A.W. Rodriguez and H.B. Chan},
  title =	 {Measurement of non-monotonic Casimir forces between
                  silicon nanostructures},
  journal =	 {Nature Photonics},
  year =	 2007,
  volume =	 11,
  pages =	 {97--101},
  doi =		 {10.1038/nphoton.2016.254},
  archivePrefix ={arXiv},
  eprint =	 {1701.02351},
  primaryClass = {quant-ph},
}



@article{ Sushkov-et-al-New-Experimental-Limits-ETC-2011,
  author =	 {A.O.~Sushkov and W.J.~Kim and D.A.~Dalvit and
                  S.K.~Lamoreaux},
  title =	 {New Experimental Limits on Non-Newtonian Forces in
                  the Micrometer Range},
  journal =	 {Phys. Rev. Lett.},
  year =	 2011,
  month =	 10,
  volume =	 107,
  issue =	 17,
  pages =	 171101,
  numpages =	 4,
  publisher =	 {American Physical Society},
  doi =		 {10.1103/PhysRevLett.107.171101},
  url =
                  {https://link.aps.org/doi/10.1103/PhysRevLett.107.171101},
  archivePrefix ={arXiv},
  eprint =	 {1701.02351},
  primaryClass = {quant-ph},
}










@Comment #############################################################
@Comment PROXIMITY FORCE APPROXIMATIONS
@Comment #############################################################


@article{ Blocki-et-al-Proximity-forces-1977,
  author =	 {J.~Błocki and J.~Randrup and W.J.~Świątecki and
                  C.F.~Tsang},
  title =	 {Proximity forces},
  journal =	 {Annals Phys.},
  year =	 1977,
  volume =	 105,
  pages =	 {427--462},
  doi =		 {10.1016/0003-4916(77)90249-4},
}



@article{ Fosco-et-al-Proximity-force-approximation-for-ETC-2011,
  author =	 {C\'{e}sar D. Fosco and Fernando C. Lombardo and
                  Francisco D. Mazzitelli},
  title =	 {Proximity force approximation for the Casimir energy
                  as~a~derivative expansion},
  journal =	 {Phys. Rev. D},
  publisher =	 {American Physical Society},
  year =	 2011,
  month =	 11,
  volume =	 84,
  issue =	 10,
  pages =	 105031,
  numpages =	 6,
  doi =		 {10.1103/PhysRevD.84.105031},
  url =		 {https://link.aps.org/doi/10.1103/PhysRevD.84.105031},
  archivePrefix ={arXiv},
  eprint =	 {1109.2123},
  primaryClass = {hep-th},
}



@article{ Spreng-et-al-Proximit-force-approximation-and-specular-ETC-2018,
  author =	 {Benjamin Spreng and Michael Hartmann and Vinicius
                  Henning and Paulo A. Maia Neto and Gert-Ludwig
                  Ingold},
  title =	 {Proximity force approximation and specular
                  reflection: Application of the WKB limit of Mie
                  scattering to the Casimir effect},
  journal =	 {Phys. Rev. A},
  publisher =	 {American Physical Society},
  year =	 2018,
  month =	 06,
  volume =	 97,
  issue =	 6,
  pages =	 062504,
  numpages =	 11,
  doi =		 {10.1103/PhysRevA.97.062504},
  url =		 {https://link.aps.org/doi/10.1103/PhysRevA.97.062504},
  archivePrefix ={arXiv},
  eprint =	 {1803.02254},
  primaryClass = {quant-ph},
}










@Comment #############################################################
@Comment THEORY OF CASIMIR EFFECT
@Comment #############################################################


@article{ Bender-Milton-Casimir-effect-for-a-D-dimensional-sphere-1994,
  author =	 {Carl M. Bender, Kimball A. Milton},
  title =	 {Casimir effect for a $D$-dimensional sphere},
  journal =	 {Phys.Rev. D},
  year =	 1994,
  volume =	 50,
  pages =	 {6547-6555},
  doi =		 {10.1103/PhysRevD.50.6547},
  archivePrefix ={arXiv},
  eprint =	 {9406048},
  primaryClass = {hep-th},
}



@article{ Brown-Maclay-Vacumm-Stress-between-ETC-1969,
  author =	 {Lowell S.~Brown and G.~Jordan Maclay},
  title =	 {Vacuum Stress between Conducting Plates: An Image
                  Solution},
  journal =	 {Phys. Rev.},
  publisher =	 {American Physical Society},
  year =	 1969,
  month =	 08,
  volume =	 184,
  issue =	 5,
  pages =	 {1272--1279},
  numpages =	 0,
  doi =		 {10.1103/PhysRev.184.1272},
  url =		 {https://link.aps.org/doi/10.1103/PhysRev.184.1272},
}



@article{ Casimir-Polder-The-Influence-of-Retardation-ETC-1948,
  author =	 {H.B.G. Casimir and D. Polder},
  title =	 {The Influence of Retardation on the London-van der
                  Waals Forces},
  journal =	 {Phys. Rev.},
  year =	 1948,
  volume =	 73,
  issue =	 4,
  pages =	 {360--372},
  numpages =	 0,
  month =	 02,
  publisher =	 {American Physical Society},
  doi =		 {10.1103/PhysRev.73.360},
  url =		 {https://link.aps.org/doi/10.1103/PhysRev.73.360}
}



@article{ Casimir-On-the-Attraction-Between-ETC-1948,
  author =	 {Hendrik Brugt Gerhard Casimir},
  title =	 {On~the~Attraction Between Two Perfectly Conducting
                  Plates},
  journal =	 {Kon. Ned. Akad. Wetensch. Proc},
  year =	 1948,
  volume =	 51,
  number =	 7,
  pages =	 {793--795},
}



@article{ Dappiaggi-Nosari-Pianamonti-The-Casimir-effect-from-ETC-2016,
  author =	 {Claudio Dappiaggi and Gabriele Nosari and
		  Nicola Pinamonti},
  title =	 {The Casimir effect from the point of view of
		  algebraic quantum field theory},
  journal =	 {Math. Phys. Anal. Geom.},
  year =	 2016,
  volume =	 19,
  number =	 2,
  pages =	 12,
  doi =		 {10.1007/s11040-016-9216-y},
  archivePrefix ={arXiv},
  eprint =	 {1412.1409},
  primaryClass = {math-ph},
}



@article{ Emig-et-al-Casmir-Forces-between-Arbitrary-ETC-2007,
  author =	 {T. Emig and N. Graham. and R. L. Jaffe and M.
                  Kardar},
  title =	 {Casimir Forces between Arbitrary Compact Objects},
  journal =	 {Phys. Rev. Lett.},
  year =	 2007,
  month =	 10,
  volume =	 99,
  issue =	 17,
  pages =	 170403,
  numpages =	 4,
  publisher =	 {American Physical Society},
  doi =		 {10.1103/PhysRevLett.99.170403},
  url =
                  {https://link.aps.org/doi/10.1103/PhysRevLett.99.170403},
  archivePrefix ={arXiv},
  eprint =	 {0707.1862},
  primaryClass = {cond-math.stat-mech},
}



@online{ Fermi-Pizzocchero-Local-zeta-regularization-ETC-PartI-2015,
  author =	 {Davide Fermi and Livio Pizzocchero},
  title =	 {Local zeta regularization and the~scalar Casimir
                  effect~I. A~general approach based on integral
                  kernels},
  year =	 2015,
  doi =		 {https://doi.org/10.48550/arXiv.1505.00711},
  archivePrefix ={arXiv},
  eprint =	 {1505.00711},
  primaryClass = {math-ph},
  note =	 {ArXiv e-prints},
}



@article{ Fermi-Pizzocchero-Local-Casimir-Effect-for-a-Scalar-ETC-2018,
  author =	 {Davide Fermi and Livio Pizzocchero},
  title =	 {Local Casimir Effect for~a~Scalar Field
                  in~Presence~of a~Point Impurity},
  journal =	 {Symmetry},
  year =	 2018,
  volume =	 10,
  number =	 2,
  pages =	 38,
  doi =		 {10.3390/sym10020038},
  archivePrefix ={arXiv},
  eprint =	 {1712.10039},
  primaryClass = {math-ph},
}



@article{ Fermi-Casimir-The-Casimira-energy-anomaly-ETC-2020,
  author =	 {Davide Fermi},
  title =	 {The~Casimir energy anomaly for~a~point interaction},
  journal =	 {Modern Physics Letters A},
  year =	 2020,
  month =	 01,
  volume =	 35,
  pages =	 2040008,
  doi =		 {10.1142/S0217732320400088},
  archivePrefix ={arXiv},
  eprint =	 {1909.00604},
  primaryClass = {math-ph},
}



@online{ Fermi-Pizzocchero-A-note-on-Algebraic-approach-ETC-2021,
  author =	 {Davide Fermi and Livio Pizzocchero},
  title =	 {A~note~on "Algebraic approach to Casimir force
                  between two δ-like potentials" (K.~Ziemian, Ann.
                  Henri Poincaré, Online First, 2021)},
  year =	 2021,
  month =	 04,
  doi =		 {https://doi.org/10.1007/s00023-022-01263-0},
  archivePrefix ={arXiv},
  eprint =	 {2104.11029},
  primaryClass = {quant-ph},
  note =	 {ArXiv e-prints. Extended version publised in Ann.
                  Henri Poincaré (2023)},
}



@article{ Fermi-Pizzocchero-On-the-Casimir-Effect-ETC-2023,
  author =	 {Davide Fermi and Livio Pizzocchero},
  title =	 {On~the~Casimir Effect with $\delta$-Like Potentials,
                  and~a~Recent Paper by~K.~Ziemian (Ann. Herni
                  Poincaré, 2021)},
  journal =	 {Annales Henri Poincaré},
  year =	 2023,
  volume =	 24,
  pages =	 {2363--2400},
  doi =		 {https://doi.org/10.1007/s00023-022-01263-0},
}



@article{ Fierz-On-the-attraction-of-conducting-planes-in-vaccum-1960,
  author =	 {M.~Fierz},
  title =	 {On~the~attraction~of conducting planes in~vacuum},
  journal =	 {Helv. Phys. Acta},
  year =	 1960,
  month =	 11,
  volume =	 33,
  pages =	 {855--858},
}



@article{ Herdegen-Nononsens-Casimir-force-2001,
  author =	 {Andrzej Herdegen},
  title =	 {No-nonsens Casimir force},
  journal =	 {Acta Phys. Polon.},
  year =	 2001,
  volume =	 {B32},
  pages =	 {55-65},
  archivePrefix ={arXiv},
  eprint =	 {0008.207},
  primaryClass = {hep-th},
}



@article{ Herdegen-Quantum-backreaction-ETC-Part-I-2005,
  author =	 {Andrzej Herdegen},
  title =	 {Quantum backreaction (Casimir) effect~I. What are
		  admissible idealizations?},
  journal =	 {Ann. Henri Poincaré},
  year =	 2005,
  volume =	 6,
  pages =	 {657--695},
  doi =		 {10.1007/s00023-005-0219-7},
  archivePrefix ={arXiv},
  eprint =	 {0412.132},
  primaryClass = {hep-th},
}



@article{ Herdegen-Quantum-backreaction-ETC-Part-II-2006,
  author =	 {Andrzej Herdegen},
  title =	 {Quantum backreaction (Casimir) effect II. Scalar and
                  electromagnetic fields},
  journal =	 {Ann. H. Poincaré},
  year =	 2006,
  volume =	 7,
  pages =	 {253--301},
  doi =		 {https://doi.org/10.1007/s00023-005-0249-1},
  archivePrefix ={arXiv},
  eprint =	 {0507.023},
  primaryClass = {hep-th},
}



@article{ Herdegen-Stopa-Global-vs-local-ETC-2010,
  author =	 {Andrzej Herdegen and Mariusz Stopa},
  title =	 {Global vs~local Casimir effect},
  journal =	 {Ann. Henri Poincaré},
  year =	 2010,
  volume =	 11,
  pages =	 {1171--1200},
  doi =		 {https://doi.org/10.1007/s00023-010-0053-4},
  archivePrefix ={arXiv},
  eprint =	 {1007.2139},
  primaryClass = {hep-th},
}



@article{ Jancovici-Samaj-Casimir-force-ETC-2005,
  author =	 {B. Jancovici and L. Samaj},
  title =	 {Casimir force between two ideal-conductor walls
                  revisited},
  journal =	 {EPL (Europhysics Letters)},
  year =	 2005,
  volume =	 72,
  number =	 1,
  pages =	 35,
  url =		 {http://stacks.iop.org/0295-5075/72/i=1/a=035},
  archivePrefix ={arXiv},
  eprint =	 0506363,
  primaryClass = {cond-mat.stat-mech},
}



@article{ Lifshitz-The-theory-of-molecular-ETC-1956,
  author =	 {E.M. Lifshitz},
  title =	 {The~theory~of molecular attractive forces between
                  solids},
  journal =	 {Sov. Phys. JETP},
  year =	 1956,
  volume =	 2,
  number =	 1,
  pages =	 {73--83},
  doi =		 {https://doi.org/10.1016/B978-0-08-036364-6.50031-4},
  url =
                  {https://www.sciencedirect.com/science/article/pii/B9780080363646500314},
  note =	 {Translated from Russian by M.~Hamermesh},
}



@article{ Mehra-Temperature-correction-to-the-Casimir-effect-1967,
  author =	 {J. Mehra},
  title =	 {Temperature correction to the Casimir effect},
  journal =	 {Physica},
  year =	 {1967},
  volume =	 {37},
  number =	 {1},
  pages =	 {145--152},
  issn =	 {0031-8914},
  doi =		 {https://doi.org/10.1016/0031-8914(67)90115-2},
  url =
                  {https://www.sciencedirect.com/science/article/pii/0031891467901152},
}



@article{ Maghrebi-Graham-Electromagnetic-Casimir-energies-ETC-2011,
  author =	 {Mohammad F. Maghrebi and Noah Graham},
  title =	 {Electromagnetic Casimir energies of semi-infinite
                  planes},
  journal =	 {EPL (Europhysics Letters)},
  year =	 2011,
  month =	 06,
  volume =	 95,
  number =	 1,
  pages =	 14001,
  publisher =	 {\textit{IOP} Publishing},
  doi =		 {10.1209/0295-5075/95/14001},
  url =		 {https://doi.org/10.1209\%2F0295-5075\%2F95\%2F14001},
  archivePrefix ={arXiv},
  eprint =	 {1102.1486},
  primaryClass = {quant-ph},
}



@article{ Mintchev-Ragoucy-Algebraic-approach-to-multiple-ETC-2007,
  author =	 {M.~Mintchev and E.~Ragoucy},
  title =	 {Algebraic approach to~multiple defects on~the~line
		  and~application to~Casimir force},
  journal =	 {J. Phys. A},
  year =	 2007,
  volume =	 40,
  pages =	 9515,
  doi =		 {10.1088/1751-8113/40/31/025},
  archivePrefix ={arXiv},
  eprint =	 {0705.1322v1},
  primaryClass = {hep-th},
}



@online{ Milton-The-Casimir-Effect-Physical-Manifestations-ETC-1999,
  author =	 {Kimball A. Milton},
  title =	 {The Casimir Effect: Physical Manifestations of Zero
                  Point Energy},
  year =	 1999,
  doi =		 {https://doi.org/10.48550/arXiv.hep-th/9901011},
  archivePrefix ={arXiv},
  eprint =	 {9901011},
  primaryClass = {hep-th},
  note =	 {ArXiv e-prints. Invited Lectures at 17th Symposium
                  on Theoretical Physics, Seoul National University,
                  Korea, June 29--July~1, 1998},
}



@article{ Scardicchio-Casimir-dynamics-ETC-2005,
  author =	 {Antonello Scardicchio},
  title =	 {Casimir dynamics: Interactions~of surfaces with
                  codimension $> 1$ due to~quantum fluctuations},
  journal =	 {Phys. Rev. D},
  year =	 2005,
  month =	 09,
  volume =	 72,
  issue =	 6,
  pages =	 065004,
  numpages =	 10,
  publisher =	 {American Physical Society},
  doi =		 {10.1103/PhysRevD.72.065004},
  url =		 {https://link.aps.org/doi/10.1103/PhysRevD.72.065004},
  archivePrefix ={arXiv},
  eprint =	 0503170,
  primaryClass = {hep-th},
}



@article{ Spreafico-Zerbini-Finite-temperature-quantum-field-theory-ETC-2009,
  author =	 {Mauro Spreafico and Sergio Zerbini},
  title =	 {Finite temperature quantum field theory on
                  noncompact domains and application to delta
                  interactions},
  journal =	 {Reports on Mathematical Physics},
  year =	 2009,
  month =	 04,
  volume =	 63,
  pages =	 {163--177},
  doi =		 {10.1016/S0034-4877(09)00011-1},
  archivePrefix ={arXiv},
  eprint =	 {0709.4109},
  primaryClass = {math-ph},
}



@article{ Ziemian-Algebraic-Approach-ETC-2021,
  author =	 {Kamil Ziemian},
  title =	 {Algebraic Approach to Casimir Force Between Two
                  $\delta$-like Potentials},
  journal =	 {Ann. Henri Poincaré},
  year =	 2021,
  volume =	 22,
  pages =	 {1751--1781},
  doi =		 {10.1007/s00023-005-0219-7},
  url =		 {https://doi.org/10.1007/s00023-020-00994-2},
}



@article{ Ziemian-Correction-to-Algebraic-Approach-ETC-2023,
  author =	 {Kamil Ziemian},
  title =	 {Correction to: Algebraic Approach to Casimir Force
                  Between Two $\delta$-like Potentials},
  journal =	 {Ann. Henri Poincaré},
  year =	 2023,
  volume =	 25,
  pages =	 {1711--1721},
  doi =		 {10.1007/s00023-023-01383-1},
  url =		 {https://doi.org/10.1007/s00023-023-01383-1},
}





@Comment #############################################################
@Comment THEORY OF CASIMIR EFFECTS, REVIEW ARTICLES
@Comment #############################################################
