@Comment #############################################################
@Comment #############################################################
@Comment CHEMISTRY, BOOKS
@Comment #############################################################
@Comment #############################################################


@book{ Pauling-Chemia-Ogolna-Pub-1959,
  author =	 {Linus Pauling},
  title =	 {Chemia ogólna. Wstęp do~chemii opisowej z~zarysem
                  nowoczesnych teorii},
  publisher =	 {Państwowe Wydawnictwo Naukowe},
  address =	 {Warszawa},
  year =	 1959,
  edition =	 {I},
}



@book{ Pazdro-Chemia-dla-kandydatow-ETC-Pub-1982,
  author =	 {Krzysztof M.~Pazdro},
  title =	 {Chemia dla kandydatów na~wyższe uczelnie},
  publisher =	 {Państwowe Wydawnictwo Naukowe},
  address =	 {Warszawa},
  year =	 1982,
  edition =	 {II},
}