@Comment #############################################################
@Comment #############################################################
@Comment Chemistry, articles
@Comment #############################################################
@Comment #############################################################



@Comment #############################################################
@Comment Chemical physics
@Comment #############################################################


@article{ Marcus-On-the-Theory-of-Oxidation-Reduction-ETC-Part-I-1956,
  author =	 {R.A. Marcus},
  title =	 {On the Theory of Oxidation‚ÄêReduction Reactions
                  Involving Electron Transfer.~I},
  journal =	 {J.~Chem. Phys.},
  year =	 1956,
  volume =	 24,
  number =	 5,
  pages =	 {966--978},
  doi =		 {https://doi.org/10.1063/1.1742723},
  url =
                  {https://authors.library.caltech.edu/45509/1/MARjcp56b.pdf},
}
