@Comment #############################################################
@Comment #############################################################
@Comment BOOKS OF PROVERBS
@Comment #############################################################
@Comment #############################################################


@book{ MaslowscyPrzyslowiaInnychNarodow2003,
  author =	 {Wybór: Danuta i~Włodzimierz Masłowscy},
  title =	 {Przysłowia innych narodów},
  publisher =	 {Videograf Edukacja},
  address =	 {Katowice},
  year =	 2003,
  edition =	 {I},
}










@Comment ##############################################################
@Comment ##############################################################
@Comment MYTHOLOGY, BOOKS
@Comment ##############################################################
@Comment ##############################################################


@book{ KunstlerMitologiaChinska1981,
  author =	 {Mieczysław J. K\"{u}nstler},
  title =	 {Mitologia chińska},
  publisher =	 {Wydawnictwa Artystyczne i~Filmowe},
  address =	 {Warszawa},
  year =	 1981,
  edition =	 {II},
  series =	 {Mitologie świata},
}
@Comment Popraw numer wydania



@book{ LyczkowskaSzarzynskaMitologiaMezopotamii1981,
  author =	 {Krystyna Łyczkowska and Krystyna Szarzyńska},
  title =	 {Mitologia Mezopotamii},
  publisher =	 {Wydawnictwa Artystyczne i~Filmowe},
  address =	 {Warszawa},
  year =	 1981,
  edition =	 {I},
  series =	 {Mitologie świata},
}



@book{ PiekarczykMitologiaGermanska1979,
  author =	 {Stanisława Piekarczyk},
  title =	 {Mitologia Germańska},
  publisher =	 {Wydawnictwa Artystyczne i~Filmowe},
  address =	 {Warszawa},
  year =	 1979,
  edition =	 {I},
}



@book{ PietrzykowskiMitologiaStarozytnejGrecji1985,
  author =	 {Michał Pietrzykowski},
  title =	 {Mitologia starożytnej Grecji},
  publisher =	 {Wydawnictwa Artystyczne i~Filmowe},
  address =	 {Warszawa},
  year =	 1985,
  edition =	 {IV},
  series =	 {Mitologie świata},
}



@book{ TubielewiczMitologiaJaponii1980,
  author =	 {Jolanta Tubielewicz},
  title =	 {Mitologia Japonii},
  publisher =	 {Wydawnictwa Artystyczne i~Filmowe},
  address =	 {Warszawa},
  year =	 1980,
  edition =	 {II},
  series =	 {Mitologie świata},
}










@Comment ##############################################################
@Comment ANALYSIS AND REFLECTIONS ON MYTHOLOGY, BOOKS
@Comment ##############################################################










@Comment #############################################################
@Comment #############################################################
@Comment HISTORICAL ANALYSIS OF CIVILISATION AND CULTURE, BOOKS
@Comment #############################################################
@Comment #############################################################


@book{ JonesGwiazdaIKrzyz2007,
  author =	 {E. Michael Jones},
  title =	 {Gwiazda i~Krzyż},
  publisher =	 {Wektory},
  year =	 2007,
  edition =	 {I},
}



@book{ EMichaelJonesJalowyPieniadzTomI2015,
  author =	 {Eugen Michael Jones},
  title =	 {Jałowy pieniądz. Historia kapitalizmu jako konfliktu
                  między pracą a~lichwą. Tom~I: Od~Medyceuszy
                  do~Newtona},
  publisher =	 {Wektory},
  address =	 {Wrocław},
  year =	 2015,
  edition =	 {I},
}



@book{ EMichaelJonesLibidoDominandi2013,
  author =	 {Eugen Michael Jones},
  title =	 {Libido dominandi. Seks jako narzędzie kontroli
                  społecznej},
  publisher =	 {Wektory},
  address =	 {Wrocław},
  year =	 2013,
  edition =	 {I},
  note =	 {Tłum. Jerzy Morka},
}



@book{ EMichaelJonesZdeprawowaniModernisci2014,
  author =	 {Eugen Michael Jones},
  title =	 {Zdeprawowani moderniści. Nowoczesność jako
                  usprawiedliwienie seksualnej amoralności},
  publisher =	 {Wektory},
  address =	 {Wrocław},
  year =	 2014,
  edition =	 {I},
  note =	 {Tłum. Jerzy Morka},
}










@Comment #############################################################
@Comment #############################################################
@Comment SOCIAL SCIENCES, BOOKS
@Comment #############################################################
@Comment #############################################################



@Comment #############################################################
@Comment ANTHROPOLOGY, BOOKS
@Comment #############################################################


@book{ LeviStraussSuroweIGotowane2010,
  author =	 {Claude Levi-Strauss},
  title =	 {Surowe i gotowane},
  publisher =	 {Aletheia},
  year =	 2010,
}



@book{ MalinowskiDzielaTomI1984,
  author =	 {Bronisław Malinowski},
  title =	 {Dzieła. Tom I: Wierzenia pierwotne i formy ustroju
                  społecznego, O zasadzie ekonomi myślenia},
  publisher =	 {Państwowe Wydawnictwo Naukowe},
  year =	 1984,
  edition =	 {II},
}










@Comment #############################################################
@Comment SOCIOLOGY, BOOKS
@Comment #############################################################


@book{ AltermattKatolicyzmANowoczesnySwiat1995,
  author =	 {U. Altermatt},
  title =	 {Katolicyzm a~Nowoczesny Świat},
  publisher =	 {Wydawnictwo Znak},
  address =	 {Kraków},
  year =	 1995,
  edition =	 {I},
}



@book{ EdensorTozsamoscNarodowaKulturaPopularnaIZycieCodzienne2004,
  author =	 {Tim Edensor},
  title =	 {Tożsamość narodowa, kultura popularna i~życie
                  codzienne},
  publisher =	 {Wydawnictwo Uniwersytetu Jagiellońskiego},
  address =	 {Kraków},
  year =	 2004,
  edition =	 {I},
  series =	 {Cultura},
}



@book{ HendryJaponczycy2013,
  author =	 {Joy Hendry},
  title =	 {Japończycy. Kultura i~społeczeństwo},
  publisher =	 {Wydawnictwo Uniwersytetu Jagiellońskiego},
  address =	 {Warszawa},
  year =	 2013,
  edition =	 {{I}},
  note =	 {Tłum. Tomasz Tesznar},
  series =	 {Ex Oriente},
}










@Comment #############################################################
@Comment MARXIST/COMMUNIST SOCIOLOGY (BOOKS)
@Comment #############################################################


@book{ InterdyscyplinarneGenezaKapitalizmuTomI1989,
  author =	 {Redaktorzy naukowi tomu: Adam Czarnota, Kazimierz
                  Wajda, Andrzej Zybertowicz},
  title =	 {Interdyscyplinarne studia nad genezą kapitalizmu.
                  Tom~I. Interpretacje: prezentacje i~krytyka},
  publisher =	 {Uniwersytet Mikołaja Kopernika w~Trouniu},
  address =	 {Toruń},
  year =	 1989,
  edition =	 {I},
  series =	 {Acta Universitatis Nicolai Copernici},
}










@Comment #############################################################
@Comment #############################################################
@Comment ANALYSIS AND REFLECTIONS ON CULTURE, BOOKS
@Comment #############################################################
@Comment #############################################################


@book{ JanionNiesamowitaSlowianszczyzna2006,
  author =	 {Maria Janion},
  title =	 {Niesamowita Słowiańszczyzna},
  publisher =	 {Wydawnictwo Literackie},
  address =	 {Kraków},
  year =	 2006,
  edition =	 {II},
}



@book{ MiloszZiemiaUrlo1982,
  author =	 {Czesław Miłosz},
  title =	 {Ziemia Ulro},
  publisher =	 {Państwowy Instytut Wydawniczy},
  address =	 {Warszawa},
  year =	 1982,
  edition =	 {I},
}



@book{ OramusDarwinoskieParadygmaty2015,
  author =	 {Dominika Oramus},
  title =	 {Darwinowskie paradygmaty. Mit teorii ewolucji
                  w~kulturze współczesnej},
  publisher =	 {Copernicus Ceter Press},
  address =	 {Kraków},
  year =	 2015,
  edition =	 {I},
}



@book{ ScrutonPrzewodnikKulturzeNowoczesnej2006,
  author =	 {Roger Scruton},
  title =	 {Przewodnik po~kulturze nowoczesnej
                  dla~inteligentnych},
  publisher =	 {Wydawnictwo Thesaurus},
  address =	 {Łódź-Wrocław},
  year =	 2006,
  edition =	 {?},
  note =	 {Tłum. Jerzy Prokopiuk, Jan Przybył},
}










@Comment #############################################################
@Comment ANALYSIS AND REFLECTIONS ON WEST EUROASIA CULTURE, BOOKS
@Comment #############################################################











@Comment #############################################################
@Comment CIVILISATION AND CULTURE IN XIX AND XX, BOOKS
@Comment #############################################################


@book{ KrasnodebskiPostrmoderinstyczneRozterkiKultury1996,
  author =	 {Zdzisław Krasnodębski},
  title =	 {Postmodernistyczne rozterki kultury},
  publisher =	 {Oficyna Naukowa},
  address =	 {Warszawa},
  year =	 1996,
  edition =	 {I},
  series =	 {Terminus},
  volume =	 8,
}










@Comment #############################################################
@Comment CIVILISATION AND CULTURE IN XX AND XXI, BOOKS
@Comment #############################################################


@book{ EdwardsAmerykanskiKonserwatyzm2013,
  author =	 {L. Edwards},
  title =	 {Amerykański konserwatyzm. Krótka historia},
  publisher =	 {Wydawnictwo Słowa i Myśli},
  year =	 2013,
  edition =	 {I},
}



@book{ FurediGdzieSiePodzialiIntelektualisci2008,
  author =	 {Frank Furedi},
  title =	 {Gdzie~się podziali wszyscy intelektualiści?},
  publisher =	 {Państwowy Instytut Wydawniczy},
  address =	 {Warszawa},
  year =	 2008,
  edition =	 {I},
  note =	 {Tłum. Katarzyna Makaruk},
}



@book{ GolicynNoweKlamstwa,
  author =	 {A. Golicyn},
  title =	 {Nowe kłamstwa w~miejsce starych},
  publisher =	 {Wydawnictwa Antyk~-- Marcin Dybowski},
  address =	 {Komorów},
  year =	 {{}},
  edition =	 {II},
  series =	 {Psychosocjotechnika, manipulacja},
}



@book{ JamesonPostmodernizm2017,
  author =	 {Frederic Jameson},
  title =	 {Postmodernism, czyli~logika kulturowa późnego
                  kapitalizmu},
  publisher =	 {Wydawnictwo Uniwersytetu Jagiellońskiego},
  address =	 {Kraków},
  year =	 2017,
  edition =	 {I},
  series =	 {Eidos},
  note =	 {Tłum. Maciej Płaz},
}



@book{ SokalBricmontModneBzdury2004,
  author =	 {Alan Sokal and Jean Bricmont},
  title =	 {Modne bzdury. O~nadużywaniu pojęć z~zakresu nauk
                  ścisłych przez postmodernistycznych
                  intelektualistów},
  publisher =	 {Prószyński i~S-ka},
  address =	 {Warszawa},
  year =	 2004,
  edition =	 {II?},
}










@Comment #############################################################
@Comment CIVILISATION AND CULTURE IN POLAND, BOOKS
@Comment #############################################################


@book{ WegnerBiesySarmackie,
  author =	 {Jacek Wegner},
  title =	 {Biesy sarmackie},
  publisher =	 {Wydawnictwo von borowiecky},
  address =	 {Warszawa},
  year =	 2003,
  edition =	 {I},
}










@Comment #############################################################
@Comment #############################################################
@Comment BUDDHISM, BOOKS
@Comment #############################################################
@Comment #############################################################


@book{ LubacAspektyBuddyzmu1995,
  author =	 {Henri de Lubac},
  title =	 {Aspekty buddyzmu},
  publisher =	 {Znak},
  address =	 {Kraków},
  year =	 1995,
  edition =	 {I},
  series =	 {Teologia żywa},
  note =	 {Tłum. Ireneusz Kania},
}
@Comment Zacząć czytanie od strony 126.









@Comment #############################################################
@Comment SUSPICIOUS WORKS (BOOKS)
@Comment #############################################################










@Comment #############################################################
@Comment #############################################################
@Comment #############################################################
@Comment HUMOR, BOOKS
@Comment #############################################################
@Comment #############################################################
@Comment #############################################################



@Comment #############################################################
@Comment #############################################################
@Comment ANECDOTES, BOOKS
@Comment #############################################################
@Comment #############################################################


@book{ MakaAnegdotyZMesy1987,
  author =	 {Henryk Mąka},
  title =	 {Anegdoty z mesy},
  publisher =	 {Krajowa Agencja Wydawnicza},
  address =	 {Szczecin},
  year =	 1987,
}













@Comment #############################################################
@Comment POLISH HUMOR, BOOKS
@Comment #############################################################


@book{ KwiatkowskiSzeptanka1990,
  author =	 {Tadeusz Kwiatkowski},
  title =	 {Szeptanka},
  publisher =	 {Oficyna Cracovia},
  address =	 {Kraków},
  year =	 1990,
  edition =	 {I},
}



@book{ TrzaskaKlubMaszkatalskiegoDrugiTysiacDowcipow1990,
  author =	 {Aleksander Trzaska},
  title =	 {Klub Maszkatalskiego. Drugi tysiąc dowcipów},
  publisher =	 {Krajowa Agencja Wydawnicza},
  address =	 {Katowice},
  year =	 1990,
  edition =	 {I},
  note =	 {Zebrał, opracował i~wstępem opatrzył Aleksander
                  Trzaska},
}










@Comment #############################################################
@Comment JEWISH HUMOR, BOOKS
@Comment #############################################################


@book{ SafrinPrzySzabasowychSwiecachWieczorDrugi1990,
  author =	 {Haracy Safrin},
  title =	 {Przy szabaszowych świecach. Wieczór drugi},
  publisher =	 {Omega},
  address =	 {Warszawa},
  year =	 1990,
  edition =	 {III},
}

                  

@book{ JawerbaumSameCuda,
  author =	 {Mieczysław Jawerbaum},
  title =	 {Same cuda. Żydowskie dowcipy i~anegdoty},
  publisher =	 {Agencja Renoma},
  address =	 {Warszawa},
  year =	 {???},
  note =	 {Zebrał i~opracował Mieczysła Jawerbaum},
}










@Comment #############################################################
@Comment #############################################################
@Comment CULTURE OF EASTERN EUROASIA, BOOKS
@Comment #############################################################
@Comment #############################################################


@Comment #############################################################
@Comment JAPANES CULTURE, BOOKS
@Comment #############################################################


@book{ RedGotowskaWosinskaCoolJapan2017,
  author =	 {Red. Małgorzata Gotowska and Adrianna Wosińska},
  title =	 {Cool Japan. Autoprezentacja Japonii w~popkulturze},
  publisher =	 {Kirin},
  address =	 {Bydgoszcz},
  year =	 2017,
  edition =	 {I},
}



@book{ MelanowiczJaponskiDramatTelewizyjny2009,
  author =	 {Mikołaj Melanowicz},
  title =	 {Japoński dramat telewizyjny},
  publisher =	 {Wydawnictwo Akademickie DIALOG},
  year =	 2009,
  edition =	 {I},
}










@Comment ##############################################################
@Comment ##############################################################
@Comment GAMES, BOOKS
@Comment ##############################################################
@Comment ##############################################################


@Comment ##############################################################
@Comment VIDEO GAMES, BOOKS
@Comment ##############################################################


@book{ DoveyKennedyKulturaGierKomputerowych2011,
  author =	 {Jon Dovey and Helen W. Kennedy},
  title =	 {Kultura gier komputerowych},
  publisher =	 {Wydawnictwo Uniwersytetu Jagiellońskiego},
  address =	 {Kraków},
  year =	 2011,
  edition =	 {I},
}



@book{ KubinskiGryWideo2016,
  author =	 {Piotr Kubiński},
  title =	 {Gry wideo. Zarys poetyki},
  publisher =	 {Wydawnictwo UNIVERSITAS},
  address =	 {Kraków},
  year =	 2016,
  edition =	 {I},
}










@Comment #############################################################
@Comment #############################################################
@Comment POLITICS AND CULTURE, BOOKS
@Comment #############################################################
@Comment #############################################################



@Comment #############################################################
@Comment POLITICS AND CULTURE OF JEWS AFTER 1933, BOOKS
@Comment #############################################################


@book{ ZertalNarodISmierc2010,
  author =	 {Idith Zetal},
  title =	 {Naród i~śmierć. Zagłada w~dyskursie i~polityce
                  Izraela},
  publisher =	 {Univeristas},
  address =	 {Kraków},
  year =	 2010,
  edition =	 {I},
  note =	 {Tłum. Jan Maria Kłoczowski},
  series =	 {Poleca Adam Michnik},
}
