@Comment #############################################################
@Comment #############################################################
@Comment COMIC BOOKS
@Comment #############################################################
@Comment #############################################################


@Comment #############################################################
@Comment ANGLO-AMERICAN COMICS
@Comment #############################################################


@book{ Azzarello-Risso-100-Naboi-Vol-I-Wyd-2018,
  author =	 {Brian Azzarello and Eduardo Risso},
  title =	 {100 naboi. Tom~I},
  publisher =	 {Egmont Polska Sp.~z~o.o.},
  address =	 {Warszawa},
  year =	 2018,
  edition =	 {I},
  series =	 {Klub Świata Komiksu},
  volume =	 1286,
}



@book{ MooreONeilEtAlLigaNiezwyklychDzentelmenowVolI2015,
  author =	 {Alan Moore and Kevin O'Neill and Ben Dimagmaliw and Bill
                  Oakley},
  title =	 {Liga niezwykłych dżentelmenów. Tom~I},
  publisher =	 {Egmont Polska Sp.~z~o.o.},
  address =	 {Warszawa},
  year =	 2015,
  edition =	 {II},
}



@book{ MorrisonEtAlSupermanVolI2013,
  author =	 {Grant Morrison and Rags Morales and Andy Kubert},
  title =	 {Superman. Tom~1: Superman i~ludzie ze stali},
  publisher =	 {Egmont Polska Sp.~z~o.o.},
  address =	 {Warszawa},
  year =	 2013,
  edition =	 {I},
}



@book{ SakaiUsagiYojimboSagaKsiegaI2019,
  author =	 {Stan Sakai},
  title =	 {Usagi Yojimbo. Saga. Księga~I},
  publisher =	 {Egmont Polska Sp.~z~o.o.},
  address =	 {Warszawa},
  year =	 2019,
  edition =	 {I},
}










@Comment ###############################
@Comment WILL EINSER'S COMICS
@Comment ###############################


@book{ EisnerSpiritNajlepszeOpowiesci2009,
  author =	 {Will Eisner},
  title =	 {Spirit. Najlepsze opowieści},
  publisher =	 {Egmont Polska},
  address =	 {Warszawa},
  year =	 2009,
  edition =	 {I},
}










@Comment #############################################################
@Comment FRANCO-BELGIAN COMICS
@Comment #############################################################


@book{ GorscinnyMorrisSiedemOpowiesciOLuckyLuckeu,
  author =	 {Ren\'{e} Goscinny and Morris},
  title =	 {Siedem Opowiesci o~Lucky Lucke’u},
  publisher =	 {Story House Egmont sp. z~o.o.},
  address =	 {Warszawa},
  year =	 2024,
  series =	 {Klub Świata Komiksu},
  volume =	 2952,
  note =	 {Przekład z~języka francuskiego: Maria Mosiewicz,
                  Marek Puszczewicz},
}










@Comment #############################################################
@Comment GRAPHICAL NOVELS
@Comment #############################################################


@book{ PrattCoroMalteseBalladaOSlonymMorzu2004,
  author =	 {Hugo Pratt},
  title =	 {Corto Maltese. Ballada o~słonym morzu},
  publisher =	 {Wydawnictwo POST},
  address =	 {Kraków},
  year =	 2004,
  edition =	 {I},
  note =	 {Tłumaczenie z~języka włoskiego: Monika Gurgul.
                  Opracownie graficzne i~liternictwo: Joanna
                  Holeksa-Szłapa},
}










@Comment #############################################################
@Comment JAPANES MANGA
@Comment #############################################################


@book{ Masamune-The-Ghost-in-the-Shell-Vol-I,
  author =	 {Shirow Masamune},
  title =	 {The~Ghost in the-Shell. Tom~I},
  publisher =	 {J.P. Fantastica},
  note =	 {Tłum. Rafał „Kabura” Rzepka},
}



@book{ Urasawa-Chlopcy-Z-Dwudziestego-Wieku-Vol-I,
  author =	 {Naoki Urasawa},
  title =	 {Chłopaki z~dwudziestego wieku. Tom~I},
  publisher =	 {Hanami},
  edition =	 {II},
  note =	 {Tłum. Radosław Bolałek},
}



@book{ NaokiChlopcyZDwudziestegoWiekuVolII,
  author =	 {Naoki Urasawa},
  title =	 {Chłopaki z~dwudziestego wieku. Tom~II},
  publisher =	 {Hanami},
  edition =	 {II},
  note =	 {Tłum. Radosław Bolałek},
}



@book{ NaokiChlopcyZDwudziestegoWiekuVolIII,
  author =	 {Naoki Urasawa},
  title =	 {Chłopaki z~dwudziestego wieku. Tom~III},
  publisher =	 {Hanami},
  edition =	 {I},
  note =	 {Tłum. Radosław Bolałek},
}



@book{ Urasawa-Chlopaki-z-dwudziestego-wieku-Vol-IV-Wyd-I,
  author =	 {Naoki Urasawa},
  title =	 {Chłopaki z~dwudziestego wieku. Tom~IV},
  publisher =	 {Hanami},
  edition =	 {I},
  note =	 {Współpraca przy scenariuszu: Tadashii Nagasaki.
                  Tłum. Radosław Bolałek},
}



@book{ Urasawa-Chlopaki-z-dwudziestego-wieku-Vol-V-Wyd-I,
  author =	 {Naoki Urasawa},
  title =	 {Chłopaki z~dwudziestego wieku. Tom~V},
  publisher =	 {Hanami},
  edition =	 {I},
  note =	 {Współpraca przy scenariuszu: Tadashii Nagasaki.
                  Tłum. Radosław Bolałek},
}



@book{ Urasawa-Chlopaki-z-dwudziestego-wieku-Vol-VI-Wyd-I,
  author =	 {Naoki Urasawa},
  title =	 {Chłopaki z~dwudziestego wieku. Tom~VI},
  publisher =	 {Hanami},
  edition =	 {I},
  note =	 {Współpraca przy scenariuszu: Tadashii Nagasaki.
                  Tłum. Radosław Bolałek},
}



@book{ Urasawa-Chlopaki-z-dwudziestego-wieku-Vol-VII-Wyd-I,
  author =	 {Naoki Urasawa},
  title =	 {Chłopaki z~dwudziestego wieku. Tom~VII},
  publisher =	 {Hanami},
  edition =	 {I},
  note =	 {Współpraca przy scenariuszu: Tadashii Nagasaki.
                  Tłum. Radosław Bolałek},
}



@book{ Urasawa-Chlopaki-z-dwudziestego-wieku-Vol-VIII-Wyd-I,
  author =	 {Naoki Urasawa},
  title =	 {Chłopaki z~dwudziestego wieku. Tom~VIII},
  publisher =	 {Hanami},
  edition =	 {I},
  note =	 {Współpraca przy scenariuszu: Tadashii Nagasaki.
                  Tłum. Radosław Bolałek},
}



@book{ Nightow-Trigun-Wyd-2019,
  author =	 {Yasuhiro Nightow},
  title =	 {Trigun},
  publisher =	 {Studio JG},
  address =	 {Warszawa},
  year =	 2019,
  edition =	 {I},
  note =	 {Tłum. Dariusz Latoś},
}



@book{ Taniguchi-Kusumi-Samotny-Smakosz-Wyd-2014,
  author =	 {Jiro Taniguchi and Masayuki Kusumi},
  title =	 {Samotny smakosz},
  publisher =	 {Hanami},
  address =	 {Warszawa},
  year =	 2014,
  edition =	 {I},
  note =	 {Tłum. Radosław Bolałek},
}










@Comment #############################################################
@Comment POLISH COMICS
@Comment #############################################################


@book{ SledzinskiNaSzybkoSpisaneOd1980Do1990-Wyd-2007,
  author =	 {Michał „Śledziu” Śledziński},
  title =	 {Na szybko spisane. 1980--1990},
  publisher =	 {kultura gniewu},
  address =	 {Warszawa},
  year =	 2007,
  edition =	 {I},
}










@Comment ###############################
@Comment TYTUS, ROMEK I A'TOMEK COMICS
@Comment ###############################


@book{ ChmielewskiTytusRomekIATomekKsiegaIV,
  author =	 {Henryk Jerzy Chmielewski},
  title =	 {Tytus Romek i~A'Tomek. Księga IV},
  publisher =	 {Prószyński Media Sp. z o.o.},
  address =	 {Warszawa},
  note =	 {Przygotowano do druku na podstawie oryginalnych
                  wydań},
}



@book{ ChmielewskiTytusRomekIATomekKsiegaVI1996,
  author =	 {Henryk Jerzy Chmielewski},
  title =	 {Tytus Romek i~A'Tomek. Księga VI},
  publisher =	 {Prószyński i~S-ka},
  address =	 {Warszawa},
  year =	 1996,
  edition =	 {IV},
}



@book{ ChmielewskiTytusRomekIATomekKsiegaXII1989,
  author =	 {Henryk Jerzy Chmielewski},
  title =	 {Tytus Romek i~A'Tomek. Księga XII},
  publisher =	 {Młodzieżowa Agencja Wydawnicza},
  address =	 {Warszawa},
  year =	 1989,
  edition =	 {I},
}



@book{ ChmielewskiTytusRomekIATomekKsiegaXXI1994,
  author =	 {Henryk Jerzy Chmielewski},
  title =	 {Tytus Romek i~A'Tomek. Księga XXI},
  publisher =	 {Prószyński i~S-ka},
  address =	 {Warszawa},
  year =	 1994,
  edition =	 {I},
}



@book{ ChmielewskiTytusRomekIATomekKsiegaXXII1996,
  author =	 {Henryk Jerzy Chmielewski},
  title =	 {Tytus Romek i~A'Tomek. Księga XXII},
  publisher =	 {Prószyński i~S-ka},
  address =	 {Warszawa},
  year =	 1996,
  edition =	 {I},
}



@book{ ChmielewskiZlotaKsiegaPrzygod2002,
  author =	 {Henryk Jerzy Chmielewski},
  title =	 {Tytus Romek i~A'Tomek. Złota księga przygód},
  publisher =	 {Prószyński i~S-ka},
  address =	 {Warszawa},
  year =	 2002,
  edition =	 {I},
}










@Comment #############################################################
@Comment WILL EINSER'S WORKS
@Comment #############################################################



@Comment ###############################
@Comment WILL EINSER'S GRAPHICAL NOVELS
@Comment ###############################


@book{ EisnerUmowaZBogiem2007,
  author =	 {Will Eisner},
  title =	 {Trylogia Umowa z~Bogiem. Życie na~Dropsie Avenue},
  publisher =	 {Egmont Polska},
  address =	 {Warszawa},
  year =	 2007,
  edition =	 {I},
  note =	 {Tłum. Jacek Drewnowski},
}



@book{ EisnerNowyYork2008,
  author =	 {Will Eisner},
  title =	 {Nowy York. Życie w~wielki mieście},
  publisher =	 {Egmont Polska},
  address =	 {Warszawa},
  year =	 2008,
  edition =	 {I},
}



@book{ EisnerZycieWObrazkach2009,
  author =	 {Will Eisner},
  title =	 {Życie w~obrazkach. Opowieści autobiograficzne},
  publisher =	 {Egmont Polska},
  address =	 {Warszawa},
  year =	 2009,
  edition =	 {I},
}
