@Comment #############################################################
@Comment COMPUTER SCIENCE, ONLINE RESOURCES
@Comment #############################################################



@Comment #############################################################
@Comment INTRODUCTION TO COMPUTER SCIENCE
@Comment #############################################################

@online{ CliffClickEvertthingYourMotherETC2016,
  author =	 {Cliff Click},
  title =	 {Everything Your Mother Should Know About Compilers},
  year =	 2016,
  url =		 {https://www.youtube.com/watch?v=oERlVYfLTn8},
  urldate =	 {13-03-2024},
}










@Comment #############################################################
@Comment OPERATING SYSTEMS SHELLS
@Comment #############################################################


@Comment ###############################
@Comment BASH
@Comment ###############################


@online{ PankajGrepCommandInLinuxUnix2022,
  author =	 {Pankaj},
  title =	 {Grep Command in~Linux/Unix},
  year =	 2022,
  url =
                  {https://www.digitalocean.com/community/tutorials/grep-command-in-linux-unix},
  urldate =	 {13-03-2024},
}



@online{ PavrooPoradyAdminaKill2023,
  author =	 {Pavroo},
  title =	 {Porady Admina: kill},
  journal =	 {Entropy},
  year =	 {2023},
  url =		 {https://linuxiarze.pl/porady-admina-procps-kill/},
  urldate =	 {21-03-2024},
}







@online{ ,
  author =	 {Artemy Kolchinsky and Brendan D.~Tracey},
  title =	 {Estimating Mixture Entropy with Pairwise Distances},
  journal =	 {Entropy},
  volume =	 {19},
  year =	 {2017},
  number =	 {7},
  article-number ={361},
  doi =		 {10.3390/e19070361},
  url =		 {https://www.mdpi.com/1099-4300/19/7/361},
  urldate =	 {},
}










@Comment #############################################################
@Comment LANGUAGE DESIGN
@Comment #############################################################


@article{ BezansonEtAlJuliaAFreshApproachETC2017,
  author =	 {Jeff Bezanson and Alan Edelman and Stefan Karpinski
                  and Viral B. Shah},
  title =	 {Julia: A Fresh Approach to Numerical Computing},
  journal =	 {SIAM Review},
  year =	 2017,
  volume =	 59,
  number =	 1,
  pages =	 {65--98},
  doi =		 {https://doi.org/10.1137/141000671},
  URL =		 {https://doi.org/10.1137/141000671},
  eprint =	 {https://doi.org/10.1137/141000671},
}
