@Comment #############################################################
@Comment #############################################################
@Comment #############################################################
@Comment COMPUTER SCIENCES, ARTICLES
@Comment #############################################################
@Comment #############################################################
@Comment #############################################################


@Article{ KolchinskyTraceyEstimatingMixtureETC2017,
  author =	 {Artemy Kolchinsky and Brendan D.~Tracey},
  title =	 {Estimating Mixture Entropy with Pairwise Distances},
  journal =	 {Entropy},
  volume =	 {19},
  year =	 {2017},
  number =	 {7},
  article-number ={361},
  doi =		 {10.3390/e19070361},
  url =		 {https://www.mdpi.com/1099-4300/19/7/361},
  issn =	 {1099-4300},
}