@Comment #############################################################
@Comment COMPUTER SCIENCE, ONLINE RESOURCES
@Comment #############################################################



@Comment #############################################################
@Comment INTRODUCTION TO COMPUTER SCIENCE
@Comment #############################################################


@online{ Click-Evertthing-your-mother-ETC-2016,
  author =	 {Cliff Click},
  title =	 {Everything your mother should know about compilers},
  year =	 2016,
  url =		 {https://www.youtube.com/watch?v=oERlVYfLTn8},
  urldate =	 {13-03-2024},
}










@Comment #############################################################
@Comment OPERATING SYSTEMS SHELLS
@Comment #############################################################


@Comment ###############################
@Comment BASH
@Comment ###############################


@online{ Aboukhalil-You-dont-know-bash-An-introduction-ETC-2018,
  author =	 {Robert Aboukhalil},
  title =	 {You don't know Bash: An~introduction to~Bash arrays},
  year =	 {2018},
  url =
                  {https://opensource.com/article/18/5/you-dont-know-bash-intro-bash-arrays},
  urldate =	 {06-04-2024},
}



@online{ Both-How-to-program-with-Bash-Syntax-and-tools-2019,
  author =	 {David Both},
  title =	 {How to program with Bash: Syntax and~tools},
  year =	 {2019},
  url =		 {https://opensource.com/article/19/10/programming-bash-syntax-tools},
  urldate =	 {24-03-2024},
}



@online{ Pankaj-Grep-command-in-Linux-Unix-2022,
  author =	 {Pankaj},
  title =	 {Grep command in~Linux/Unix},
  year =	 2022,
  url =
                  {https://www.digitalocean.com/community/tutorials/grep-command-in-linux-unix},
  urldate =	 {13-03-2024},
}



@online{ Pankaj-Linux-ps-command-ETC-2022,
  author =	 {Pankaj},
  title =	 {Linux \texttt{ps} command~-- 20 Real life examples},
  year =	 2022,
  url =
                  {https://www.digitalocean.com/community/tutorials/linux-ps-command},
  urldate =	 {02-04-2024},
}



@online{ Pavroo-Porady-Admina-kill-2023,
  author =	 {Pavroo},
  title =	 {Porady Admina: kill},
  year =	 {2023},
  url =		 {https://linuxiarze.pl/porady-admina-procps-kill/},
  urldate =	 {21-03-2024},
}



@online{ Ramuglia-How-to-kill-processes-in-Linux-ETC-2023,
  author =	 {Gabriel Ramuglia},
  title =	 {How to Kill Processes in Linux | 'kill' Command
                  Guide},
  year =	 {2023},
  url =		 {https://ioflood.com/blog/kill-linux-command/},
  urldate =	 {2-04-2024},
}



@online{ Chadwick-Bash-Scripting-Tutorialt-5-If-Statements,
  author =	 {Ryan Chadwick},
  title =	 {Bash Scripting Tutorial~-- 5.~If~Statements},
  url =
                  {https://ryanstutorials.net/bash-scripting-tutorial/bash-if-statements.php},
  urldate =	 {06-04-2024},
}



@online{ Chadwick-Bash-Scripting-Tutorial-6-Loops,
  author =	 {Ryan Chadwick},
  title =	 {Bash Scripting Tutorial~-- 6.~Loops},
  url =
                  {https://ryanstutorials.net/bash-scripting-tutorial/bash-loops.php},
  urldate =	 {15-04-2024},
}


@online{ ,
  author =	 {Artemy Kolchinsky and Brendan D.~Tracey},
  title =	 {Estimating Mixture Entropy with Pairwise Distances},
  journal =	 {Entropy},
  volume =	 {19},
  year =	 {2017},
  number =	 {7},
  article-number ={361},
  doi =		 {10.3390/e19070361},
  url =		 {https://www.mdpi.com/1099-4300/19/7/361},
  urldate =	 {},
}
