@Comment #############################################################
@Comment #############################################################
@Comment COMPUTER SCIENCE, BOOKS
@Comment #############################################################
@Comment #############################################################



@Comment #############################################################
@Comment ALGORITHMS
@Comment #############################################################


@book{ Cormen-et-al-Wprowadzenie-do-algorytmow-Pub-2022,
  author =	 {Thomas H.~Cormen and Charles E.~Leiserson and Ronald
                  L.~Rivest and Clifford Stein},
  title =	 {Wprowadzenie do algorytmów},
  publisher =	 {PWN},
  address =	 {Warszawa},
  year =	 2022,
  edition =	 {Wydanie VII (I w~PWN) --~13~dodruk},
  series =	 {Z~języka angielskiego tłumaczyli Krzysztof Diks,
                  Adam Malinowski, Daria Roszkowska, Wojciech Rytter},
}










@Comment #############################################################
@Comment AUTOMATA AND FORMAL LANGUAGES THEORY
@Comment #############################################################


@book{ ForysForys-Teoria-automatow-i-jezykow-formalnych-Pub-2005,
  author =	 {Maria Foryś and Wit Foryś},
  title =	 {Teoria automatów i~języków formalnych},
  publisher =	 {Akademicka Oficyna Wydawnicza EXIT},
  address =	 {Warszawa},
  year =	 2005,
  edition =	 {I},
  series =	 {Problemy współczesnej nauki, teoria i~zastosowania.
                  Informatyka},
}



@book{ Hopcroft-Motwani-Ullman-Wprowdzenie-do-teori-automatow-ETC-Pub-2005,
  author =	 {J. E. Hopcroft, R. Motwani, J. D. Ullman},
  title =	 {Wprowadzenie do teorii automatów, języków
                  i~obliczeń},
  publisher =	 {Wydawnictwo Naukowe PWN},
  address =	 {{}},
  year =	 2005,
  edition =	 {II},
}










@Comment #############################################################
@Comment COMPUTER SCIENCE AND MATHEMATICS
@Comment #############################################################


@book{ Rychlicki-Od-matematyki-do-programowania-Pub-2011,
  author =	 {Wiesław Rychlicki},
  title =	 {Od~matematyki do~programowania. Wszystko, co~każdy
		  programista wiedzieć powinien},
  publisher =	 {Helion},
  address =	 {Gliwice},
  year =	 2011,
  edition =	 {I},
  series =	 {Pascal, C i~C++ nie tylko dla~uczniów i~studentów},
}










@Comment #############################################################
@Comment OPERATING SYSTEMS
@Comment #############################################################


@book{ Tannenbaum-Systemy-Operacyjne-Wydanie-III-Pub-2013,
  author =	 {Andrew S. Tanenbaum},
  title =	 {Systemy operacyjne. Wydanie III},
  publisher =	 {Helion},
  address =	 {Gliwice},
  year =	 2013,
  note =	 {Tłumaczenie: Radosław Meryk (rozdz.~1--8), Mikołaj
                  Szczepaniak (rozdz.~9--14)},
}










@Comment ###############################
@Comment UNIX OPERATING SYSTEM
@Comment ###############################


@book{ Garfinkel-Weise-Strassmann-The-UNIX-HATERS-Handbook-Pub-1994,
  author =	 {Simson Garfinkel and Daniel Weise and Steven
                  Strassmann},
  title =	 {The~UNIX-HATERS Handbook},
  publisher =	 {IDG Books Worldwide, Inc.},
  address =	 {San Mateo, California, Indianapolis, Indiana,
                  Boston, Massachusetts},
  year =	 1994,
  note =	 {Illustrations by John Klossner},
  url =		 {https://web.mit.edu/~simsong/www/ugh.pdf},
}











@Comment #####################
@Comment GNU/LINUX OPERATING SYSTEM
@Comment #####################


@book{ Ward-Jak-Dziala-Linux-Wydanie-II,
  author =	 {Brian Ward},
  title =	 {Jak działa Linux. Podręcznik administratora, wydanie~II},
  publisher =	 {Helion},
  address =	 {Gliwice},
  note =	 {Przekład: Janusz Machowski},
}










@Comment ###############################
@Comment MICROSOFT WINDOWS OPERATING SYSTEM
@Comment ###############################


@book{ Lambert-Lambert-Windows-10-Krok-po-kroku-Pub-2016,
  author =	 {Joan Lambert, Steve Lambert},
  title =	 {Windows 10. Krop po kroku},
  publisher =	 {APN Promise},
  address =	 {Warszawa},
  year =	 2016,
  edition =	 {I},
  note =	 {Przekład: Janusz Machowski},
}










@Comment #############################################################
@Comment PACKAGES ECOSYSTEMS
@Comment #############################################################


@Comment ###############################
@Comment JULIA PACKAGES ECOSYSTEM
@Comment ###############################


@Book{ Decker-et-al-The-Computer-Algebra-ETC-Pub-2024,
  editor =	 {Wolfram Decker and Christian Eder and Claus
                  Fieker and Max Horn and Michael Joswig},
  title =	 {The {C}omputer {A}lgebra {S}ystem {OSCAR}:
                  {A}lgorithms and {E}xamples},
  year =	 2024,
  publisher =	 {Springer},
  series =	 {Algorithms and {C}omputation in {M}athematics},
}










@Comment #############################################################
@Comment PROGRAMMING LANGUAGES
@Comment #############################################################



@Comment ###############################
@Comment C
@Comment ###############################


@book{ Kernighan-Ritchie-Jezyk-ANSI-C-Pub-2004,
  author =	 {Brian W. Kernighan and Dennis M. Ritchie},
  title =	 {Język ANSI~C},
  publisher =	 {Wydawnictwo Naukowo-Techniczne},
  address =	 {Warszawa},
  year =	 2004,
  edition =	 {IX},
  series =	 {Klasyka informatyki},
  isbn =	 {83-204-2979-X},
  note =	 {Z~angielskiego przełożyli Danuta i~Marek Kruszewscy},
}










@Comment ###############################
@Comment C++
@Comment ###############################


@book{ Horstmann-Wprowadzenie-do-Cpp-Pub-2021,
  author =	 {Cay Horstmann},
  title =	 {Wprowadzenie do~C++. Efektywne nauczenie},
  publisher =	 {Helion},
  address =	 {Gliwice},
  year =	 2021,
  edition =	 {III},
  note =	 {Przykład: Krzystof Bąbol},
}



@book{ Grebosz-Symfonia-Cpp-standard-Vol-I-Pub-2008,
  author =	 {Jerzy Gr{ę}bosz},
  title =	 {Symfonia C++ standard. Tom~I},
  publisher =	 {EDITION 2000},
  address =	 {Kraków},
  year =	 2008,
  edition =	 {III B -- rozszerzone i~poprawione},
  volume =	 {I},
}



@book{ Grebosz-Symfonia-Cpp-standard-Vol-II-Pub-2008,
  author =	 {Jerzy Gr{ę}bosz},
  title =	 {Symfonia C++ standard. Tom II},
  publisher =	 {EDITION 2000},
  address =	 {Kraków},
  year =	 2008,
  edition =	 {III B -- rozszerzone i~poprawione},
  volume =	 {I},
}










@Comment #############################################################
@Comment SOFTWARE USER'S GUIDE AND BOOKS
@Comment #############################################################


@book{ Autodesk-Auto-CAD-Ver-2004-Users-Guide-Pub-2003,
  author =	 {Autodesk, Inc.},
  title =	 {AutoCAD User's Guide 2004},
  publisher =	 {Autodesk, Inc.},
  address =	 {Warszawa},
  year =	 2003,
  edition =	 {I},
}



@book{ Petersen-Mastering-Emacs-Pub-2016,
  author =	 {Mickey Petersen},
  title =	 {Mastering Emacs},
  publisher =	 {https://www.masteringemacs.org/book},
  address =	 {{}},
  year =	 2016,
  edition =	 {II},
}







@Comment #############################################################
@Comment TESTING
@Comment #############################################################


@book{ Osherove-Testy-Jednostkowe-Pub-2014,
  author =	 {Roy Osherove},
  title =	 {Testy jednostkowe. Świat niezawodnych aplikacji},
  publisher =	 {Helion},
  address =	 {Gliwice},
  year =	 2014,
  edition =	 {II},
  note =	 {Tłum. Radosław Meryk},
}










@Comment #############################################################
@Comment THEORY OF COMPUTATION
@Comment #############################################################


@booklet{ Lamport-Computation-and-state-machines-Pub-2008,
  author =	 {Leslie Lamport},
  title =	 {Computation and State Machines},
  howpublished = {http://lamport.azurewebsites.net/pubs/state-machine.pdf},
  year =	 2008,
}



@book{ Feynman-Wyklady-o-obliczeniach-Pub-2007,
  author =	 {Richard P.~Feynman},
  title =	 {Wykłady o~obliczeniach},
  publisher =	 {Prószyński i~S-ka~SA},
  address =	 {Warszawa},
  year =	 2007,
  edition =	 {I},
  series =	 {Feynmana wykłady z~fizyki},
  note =	 {Przełożył Jerzy Łusakowski},
}
