@Comment #############################################################
@Comment #############################################################
@Comment COMPUTER SCIENCE, BOOKS
@Comment #############################################################
@Comment #############################################################



@Comment #############################################################
@Comment ALGORITHMS
@Comment #############################################################


@book{ CormenAtAlWprowadzenieDoAlgorytmow2022,
  author =	 {Thomas H.~Cormen and Charles E.~Leiserson and Ronald
                  L.~Rivest and Clifford Stein},
  title =	 {Wprowadzenie do algorytmów},
  publisher =	 {PWN},
  address =	 {Warszawa},
  year =	 2022,
  edition =	 {Wydanie VII (I w~PWN) --~13~dodruk},
  series =	 {Z~języka angielskiego tłumaczyli Krzysztof Diks,
                  Adam Malinowski, Daria Roszkowska, Wojciech Rytter},
}










@Comment #############################################################
@Comment AUTOMATA AND FORMAL LANGUAGES THEORY
@Comment #############################################################


@book{ ForysForysTeoriaAutomatowIJezykowFormalnych2005,
  author =	 {Maria Foryś and Wit Foryś},
  title =	 {Teoria automatów i~języków formalnych},
  publisher =	 {Akademicka Oficyna Wydawnicza EXIT},
  address =	 {Warszawa},
  year =	 2005,
  edition =	 {I},
  series =	 {Problemy współczesnej nauki, teoria i~zastosowania.
                  Informatyka},
}



@book{ HopcroftMotwaniUllmanWprowdzenieDoTeoriAutomatowETC2005,
  author =	 {J. E. Hopcroft, R. Motwani, J. D. Ullman},
  title =	 {Wprowadzenie do teorii automatów, języków
                  i~obliczeń},
  publisher =	 {Wydawnictwo Naukowe PWN},
  address =	 {{}},
  year =	 2005,
  edition =	 {II},
}










@Comment #############################################################
@Comment COMPUTER SCIENCE AND MATHEMATICS
@Comment #############################################################


@book{ RychlickiOdMatematykiDoProgramowania2011,
  author =	 {Wiesław Rychlicki},
  title =	 {Od~matematyki do~programowania. Wszystko, co~każdy
		  programista wiedzieć powinien},
  publisher =	 {Helion},
  address =	 {Gliwice},
  year =	 2011,
  edition =	 {I},
  series =	 {Pascal, C i~C++ nie tylko dla~uczniów i~studentów},
}










@Comment #############################################################
@Comment OPERATING SYSTEMS
@Comment #############################################################


@book{ TannenbaumSystemyOperacyjneWydanieIII2013,
  author =	 {Andrew S. Tanenbaum},
  title =	 {Systemy operacyjne. Wydanie III},
  publisher =	 {Helion},
  address =	 {Gliwice},
  year =	 2013,
  note =	 {Tłumaczenie: Radosław Meryk (rozdza. 1--8), Mikołaj
                  Szczepaniak (rozdz. 9--14)},
}










@Comment ###############################
@Comment UNIC OPERATING SYSTEM
@Comment ###############################


@book{ WardJakDzialaLinuxWydanieII,
  author =	 {Brian Ward},
  title =	 {Jak działa Linux. Podręcznik administratora, wydanie~II},
  publisher =	 {Helion},
  address =	 {Gliwice},
  note =	 {Przekład: Janusz Machowski},
}




@Comment #####################
@Comment GNU/LINUX OPERATING SYSTEM
@Comment #####################


@book{ WardJakDzialaLinuxWydanieII,
  author =	 {Brian Ward},
  title =	 {Jak działa Linux. Podręcznik administratora, wydanie~II},
  publisher =	 {Helion},
  address =	 {Gliwice},
  note =	 {Przekład: Janusz Machowski},
}










@Comment ###############################
@Comment MICROSOFT WINDOWS OPERATING SYSTEM
@Comment ###############################


@book{ LambertLambertWindows10KropPoKroku2016,
  author =	 {Joan Lambert, Steve Lambert},
  title =	 {Windows 10. Krop po kroku},
  publisher =	 {APN Promise},
  address =	 {Warszawa},
  year =	 2016,
  edition =	 {I},
  note =	 {Przekład: Janusz Machowski},
}










@Comment #############################################################
@Comment PROGRAMMING LANGUAGES
@Comment #############################################################



@Comment ###############################
@Comment C
@Comment ###############################


@book{ KernighanRitchieJezykANSI_C2001,
  author =	 {B. W. Kernighan and D. M. Ritchie},
  title =	 {Język ANSI~C},
  publisher =	 {Wydawnictwo Naukowo-Techniczne},
  address =	 {Warszawa},
  year =	 2001,
  edition =	 {VI},
}










@Comment ###############################
@Comment C++
@Comment ###############################


@book{ HorstmannWprowdzenieDoCppETC2021,
  author =	 {Cay Horstmann},
  title =	 {Wprowadzenie do~C++. Efektywne nauczenie},
  publisher =	 {Helion},
  address =	 {Gliwice},
  year =	 2021,
  edition =	 {III},
  note =	 {Przykład: Krzystof Bąbol},
}



@book{ GreboszSymfoniaCppStandardVolI2008,
  author =	 {Jerzy Gr{ę}bosz},
  title =	 {Symfonia C++ standard. Tom~I},
  publisher =	 {EDITION 2000},
  address =	 {Kraków},
  year =	 2008,
  edition =	 {III B -- rozszerzone i~poprawione},
  volume =	 {I},
}



@book{ GreboszSymfoniaCppStandardVolII2008,
  author =	 {Jerzy Gr{ę}bosz},
  title =	 {Symfonia C++ standard. Tom II},
  publisher =	 {EDITION 2000},
  address =	 {Kraków},
  year =	 2008,
  edition =	 {III B -- rozszerzone i~poprawione},
  volume =	 {I},
}










@Comment #############################################################
@Comment SOFTWARE USER'S GUIDE AND BOOKS
@Comment #############################################################


@book{ AutodeskAutoCADVer2004UsersGuide2003,
  author =	 {Autodesk, Inc.},
  title =	 {AutoCAD User's Guide 2004},
  publisher =	 {Autodesk, Inc.},
  address =	 {Warszawa},
  year =	 2003,
  edition =	 {I},
}



@book{ PetersenMasteringEmacs2016,
  author =	 {Mickey Petersen},
  title =	 {Mastering Emacs},
  publisher =	 {https://www.masteringemacs.org/book},
  address =	 {{}},
  year =	 2016,
  edition =	 {II},
}







@Comment #############################################################
@Comment TESTING OF SOFTWARE
@Comment #############################################################


@book{ OsheroveTestyJednostkowe2014,
  author =	 {Roy Osherove},
  title =	 {Testy jednostkowe. Świat niezawodnych aplikacji},
  publisher =	 {Helion},
  address =	 {Gliwice},
  year =	 2014,
  edition =	 {II},
  note =	 {Tłum. Radosław Meryk},
}










@Comment #############################################################
@Comment THEORY OF COMPUTATION
@Comment #############################################################


@booklet{ LamportComputationAndStateMachines2008,
  author =	 {Leslie Lamport},
  title =	 {Computation and State Machines},
  howpublished = {http://lamport.azurewebsites.net/pubs/state-machine.pdf},
  year =	 2008,
}



@book{ FeynmanWykladyOObliczeniach2007,
  author =	 {Richard P.~Feynman},
  title =	 {Wykłady o~obliczeniach},
  publisher =	 {Prószyński i~S-ka~SA},
  address =	 {Warszawa},
  year =	 2007,
  edition =	 {I},
  series =	 {Feynmana wykłady z~fizyki},
  note =	 {Przełożył Jerzy Łusakowski},
}
