@Comment #############################################################
@Comment #############################################################
@Comment COMPUTER SCIENCES, ARTICLES
@Comment #############################################################
@Comment #############################################################



@Comment #############################################################
@Comment INFORMATION THEORY
@Comment #############################################################


@article{ Kolchinsky-Tracey-Estimating-mixture-ETC-2017,
  author =	 {Artemy Kolchinsky and Brendan D.~Tracey},
  title =	 {Estimating Mixture Entropy with Pairwise Distances},
  journal =	 {Entropy},
  volume =	 {19},
  year =	 {2017},
  number =	 {7},
  article-number ={361},
  doi =		 {10.3390/e19070361},
  url =		 {https://www.mdpi.com/1099-4300/19/7/361},
  issn =	 {1099--4300},
  archivePrefix ={arXiv},
  eprint =	 1706.02419,
  primaryClass = {cs.IT},
}










@Comment #############################################################
@Comment PROGRAMMING LANGUAGES
@Comment #############################################################



@Comment ###############################
@Comment JULIA
@Comment ###############################


@article{ Bezanson-et-al-Julia-A-Fresh-Approach-ETC-2017,
  author =	 {Jeff Bezanson and Alan Edelman and Stefan Karpinski
                  and Viral B. Shah},
  title =	 {Julia: A Fresh Approach to Numerical Computing},
  journal =	 {SIAM Review},
  year =	 2017,
  volume =	 59,
  number =	 1,
  pages =	 {65--98},
  doi =		 {https://doi.org/10.1137/141000671},
  url =		 {https://doi.org/10.1137/141000671},
  eprint =	 {https://doi.org/10.1137/141000671},
}
