@Comment #############################################################
@Comment #############################################################
@Comment DEUS et litterae
@Comment #############################################################
@Comment #############################################################



@Comment #############################################################
@Comment Works of Roman Brandstaetter
@Comment #############################################################


@Comment ###############################
@Comment Roman Brandstaetter, novels
@Comment ###############################


@book{ Brandstaetter-Jezus-z-Nazarethu-Vol-I-Pub-1967,
  author =	 {Roman Brandstaetter},
  title =	 {Jezus z~Nazarethu. Tom~I: Czas milczenia},
  publisher =	 {Instytut Wydawniczy PAX},
  year =	 1967,
  edition =	 {I},
  volume =	 {I},
}



@book{ Brandstaetter-Jezus-z-Nazarethu-Vol-I-Pub-1982,
  author =	 {Roman Brandstaetter},
  title =	 {Jezus z~Nazarethu},
  publisher =	 {Instytut Wydawniczy PAX},
  year =	 1982,
  edition =	 {VI},
  volume =	 {I},
}



@book{ Brandstaetter-Ksiega-Modlitw-Pub-2010,
  author =	 {Roman Brandstaetter},
  title =	 {Księga modlitw},
  publisher =	 {Wydawnictwo M},
  address =	 {Kraków},
  year =	 2010,
  series =	 {Roman Brandstaetter, dzieła zebrane},
}










@Comment ###############################
@Comment Roman Brandstaetter, short stories
@Comment ###############################


@book{ Brandstaetter-Patriarchowie-Pub-1986,
  author =	 {Roman Brandstaetter},
  title =	 {Patriarchowie},
  publisher =	 {Instytut Wydawniczy PAX},
  year =	 1986,
  edition =	 {I},
}










@Comment #############################################################
@Comment XIX and XX centuries novels
@Comment #############################################################
