@Comment #############################################################
@Comment #############################################################
@Comment #############################################################
@Comment BIOGRAPHIES OF THE SAINTS, BOOKS
@Comment #############################################################
@Comment #############################################################
@Comment #############################################################



@Comment #############################################################
@Comment #############################################################
@Comment BIOGRAPHIES OF SAINTS LIVING IN XV AND XVI CENTURY
@Comment AFTER CHRIST, BOOKS
@Comment #############################################################
@Comment #############################################################










@Comment #############################################################
@Comment #############################################################
@Comment BIOGRAPHIES OF SAINTS LIVING IN XVI AND XVII CENTURY
@Comment AFTER CHRIST, BOOKS
@Comment #############################################################
@Comment #############################################################










@Comment #############################################################
@Comment #############################################################
@Comment BIOGRAPHIES OF SAINTS LIVING IN XVII AND XVIII CENTURIES
@Comment AFTER CHRIST, BOOKS
@Comment #############################################################
@Comment #############################################################










@Comment #############################################################
@Comment #############################################################
@Comment BIOGRAPHIES OF SAINTS LIVING IN XVIII AND XIX CENTURY
@Comment #############################################################
@Comment #############################################################










@Comment #############################################################
@Comment #############################################################
@Comment BIOGRAPHIES OF SAINTS LIVING IN XIX AND XX CENTURIES
@Comment AFTER CHRIST, BOOKS
@Comment #############################################################
@Comment #############################################################


@book{ GorczycaEdytaStein2003,
  author =	 {Jakub Gorczyca SJ},
  title =	 {Edyta Stein},
  publisher =	 {Wydawnictwo WAM},
  address =	 {Kraków},
  year =	 2003,
  edition =	 {I},
  series =	 {Wielcy Ludzie Kościoła},
}










@Comment #############################################################
@Comment #############################################################
@Comment BIOGRAPHIES OF SAINTS LIVING IN XX AND XXI CENTURIES
@Comment AFTER CHRIST, BOOKS
@Comment #############################################################
@Comment #############################################################


@book{ NowakJanPawelIIKronikaZyciaIPontyfikatu2015,
  author =	 {Andrzej Nowak},
  title =	 {Jan Paweł~II. Kroniki życia i~pontyfikatu},
  publisher =	 {Wydawnictwo Olesiejuk},
  address =	 {Kraków},
  year =	 2015,
  edition =	 {I},
}










@Comment #############################################################
@Comment #############################################################
@Comment #############################################################
@Comment BIOGRAPHIES OF THE PEOPLE IMPORTANT TO THE HOLY FAITH, BOOKS
@Comment #############################################################
@Comment #############################################################
@Comment #############################################################



@Comment #############################################################
@Comment #############################################################
@Comment BIOGRAPHIES OF THE PEOPLE LIVING IN I CENTURIES BEFORE
@Comment AND AFTER CHRIST, BOOKS
@Comment #############################################################
@Comment #############################################################










@Comment #############################################################
@Comment #############################################################
@Comment BIOGRAPHIES OF PEOPLE LIVING IN II AND III CENTURIES
@Comment AFTER CHRIST, BOOKS
@Comment #############################################################
@Comment #############################################################


@book{ PietrasOrygenes2001,
  author =	 {Henryk Pietras SJ},
  title =	 {Orygenes},
  publisher =	 {Wydawnictwo WAM},
  address =	 {Kraków},
  year =	 2001,
  edition =	 {I},
  series =	 {Wielcy Ludzie Kościoła},
}










@Comment #############################################################
@Comment #############################################################
@Comment BIOGRAPHIES OF PEOPLE LIVING IN XVI AND XVII CENTURIES
@Comment AFTER CHRIST, BOOKS
@Comment #############################################################
@Comment #############################################################


@book{ KoniorMatteoRicci2013,
  author =	 {Jan Koniro SJ},
  title =	 {Matteo Ricci},
  publisher =	 {Wydawnictwo WAM},
  address =	 {Kraków},
  year =	 2013,
  edition =	 {I},
  series =	 {Wielcy Ludzie Kościoła},
}










@Comment #############################################################
@Comment #############################################################
@Comment BIOGRAPHIES OF PEOPLE LIVING IN XIX AND XX CENTURIES
@Comment AFTER CHRIST, BOOKS
@Comment #############################################################
@Comment #############################################################


@book{ GuerrieroHansUrsVonBalthasarMonografia2004,
  author =	 {Elio Guerriero},
  title =	 {Hans Urv von Balthasar. Monografia},
  publisher =	 {Wydawnictwo M},
  address =	 {Kraków},
  year =	 2004,
  edition =	 {I},
  note =	 {Tłum. Monika Rodkiewicz},
}



@book{ KowalczykKarlRahner2001,
  author =	 {Dariusz Kowalczyk SJ},
  title =	 {Karl Rahner},
  publisher =	 {Wydawnictwo WAM},
  address =	 {Kraków},
  year =	 2001,
  edition =	 {I},
  series =	 {Wielcy Ludzie Kościoła},
}



@book{ PiotrowskiHansUrsVonBalthasar2005,
  author =	 {Ks.~Eligiusz Piotrowski},
  title =	 {Hans Urs von~Balthasar},
  publisher =	 {Wydawnictwo WAM},
  address =	 {Kraków},
  year =	 2005,
  edition =	 {I},
  series =	 {Wielcy Ludzie Kościoła},
}



@book{ WojtowiczHenriDeLubac2004,
  author =	 {Marek Wójtowicz S.J.},
  title =	 {Henri de~Lubac},
  publisher =	 {Wydawnictwo WAM},
  address =	 {Kraków},
  year =	 2004,
  edition =	 {I},
  series =	 {Wielcy Ludzie Kościoła},
}










@Comment #############################################################
@Comment #############################################################
@Comment BIOGRAPHIES OF PEOPLE LIVING IN XX AND XXI CENTURIES
@Comment AFTER CHRIST, BOOKS
@Comment #############################################################
@Comment #############################################################


@book{ HahnWDomuNajlepiej2009,
  author =	 {Scott Hahn, Kimberly Hahn},
  title =	 {W~domu najlepiej. Nasza droga do Kościoła
                  katolickiego},
  publisher =	 {Wydawnictwo Księży Marianów~MIC},
  address =	 {Warszawa},
  year =	 2009,
  edition =	 {II},
  note =	 {Tłum. Mira Majda},
}










@Comment #############################################################
@Comment #############################################################
@Comment #############################################################
@Comment WORKS ON LIFE AND THOUGHT OF SAINTS, BOOKS
@Comment #############################################################
@Comment #############################################################
@Comment #############################################################



@Comment #############################################################
@Comment #############################################################
@Comment WORKS ABOUT SAINT LIVING IN XIX AND XX CENTURIES
@Comment AFTER CHRIST, BOOKS
@Comment #############################################################
@Comment #############################################################










@Comment #############################################################
@Comment #############################################################
@Comment WORKS ABOUT SAINT LIVING IN XX AND XXI CENTURIES
@Comment AFTER CHRIST, BOOKS
@Comment #############################################################
@Comment #############################################################


@book{ SzukajacPrawdyEdytaSteinWKulturzePolskiej1998,
  author =	 {Red. Anita Czarniecka-Stefańska},
  title =	 {Szukając prawdy. Edyta Stein w~kulturze polskiej},
  publisher =	 {Wydawnictwo Uniwerystetu Wrocławskiego},
  address =	 {Wrocław},
  year =	 1998,
  edition =	 {I},
}










@Comment #############################################################
@Comment #############################################################
@Comment WORKS ON PEOPLE LIVING IN XX AND XXI CENTURY
@Comment AFTER CHRIST, BOOKS
@Comment #############################################################
@Comment #############################################################


@book{ PoslugaMysleniaTomIX2011,
  author =	 {Red. Jarosław Kupczak~OP},
  title =	 {Jan Paweł II. Posługa myślenia},
  publisher =	 {Wydawnictwo Naukowe Uniwersytetu Papieskiego Jana
                  Pawła~II w~Krakowie},
  address =	 {Kraków},
  year =	 2011,
  edition =	 {I},
  series =	 {Studia nad myślą Jana Pawła~II},
  volume =	 9,
}










@Comment #############################################################
@Comment #############################################################
@Comment WORKS ON LIFE AND THOUGHT OF THE BLESSED, BOOKS
@Comment #############################################################
@Comment #############################################################










@Comment #############################################################
@Comment #############################################################
@Comment #############################################################
@Comment WORKS ON LIFE AND THOUGHT OF PEOPLE IMPORTANT
@Comment TO HOLY FAITH, BOOKS
@Comment #############################################################
@Comment #############################################################
@Comment #############################################################



@Comment #############################################################
@Comment #############################################################
@Comment WORKS ON PEOPLE LIVING IN XX AND XXI CENTURIES
@Comment AFTER CHRIST, BOOKS
@Comment #############################################################
@Comment #############################################################


@book{ SeewaldBenedyktXVI2016,
  author =	 {Peter Seewald},
  title =	 {Benedykt XVI. Ostatnie rozmowy},
  publisher =	 {Dom Wydawniczy RAFAEL},
  address =	 {Kraków},
  year =	 2016,
  edition =	 {I},
}










@Comment #############################################################
@Comment #############################################################
@Comment #############################################################
@Comment VARIOUS WORKS, BOOKS
@Comment #############################################################
@Comment #############################################################
@Comment #############################################################



@Comment #############################################################
@Comment #############################################################
@Comment VARIOUS WORKS, TIME AFTER 1962, BOOKS
@Comment #############################################################
@Comment #############################################################


@book{ HahnNiescieIPrzyjmujcieDobraNowine2015,
  author =	 {Scott Hahn},
  title =	 {Nieście i~przyjmujcie Dobrą Nowinę. Wyzwania Nowej
                  Ewangelizacji},
  publisher =	 {Drukarnia i~Księgarnia Świętego Wojciecha Sp.
                  z~o.o.},
  address =	 {Poznań},
  year =	 2015,
  edition =	 {I},
}



@book{ HahnCzwartyKielich2019,
  author =	 {Scott Hahn},
  title =	 {Czwarty kielich. Odkrywanie tajemnicy Ostatniej
                  Wieczerzy i~Krzyża},
  publisher =	 {Esprit},
  address =	 {Kraków},
  year =	 2019,
  edition =	 {I},
}










@Comment #############################################################
@Comment #############################################################
@Comment #############################################################
@Comment ANALYSIS OF HOLY FAITH, RELIGION AND CULTURE, BOOKS
@Comment #############################################################
@Comment #############################################################
@Comment #############################################################


@book{ RedKrzywdzinskaPolskaRosjaReligiaKultura2016,
  author =	 {Red. Agata Krzywdzińska},
  title =	 {Polska--Rosja. W~sferze kultury i~religii. Wybrane
		  problemy},
  publisher =	 {Wydawnictwo Uniwersytetu Jagiellońskiego},
  address =	 {Kraków},
  year =	 2016,
  edition =	 {I},
}










@Comment #############################################################
@Comment #############################################################
@Comment #############################################################
@Comment HOLY FAITH, RELIGION AND SCIENCES, BOOKS
@Comment #############################################################
@Comment #############################################################
@Comment #############################################################


@book{ MilbankPrzekroczycRozumSekularny2020,
  author =	 {John Millbank},
  title =	 {Przekroczyć rozum sekularny. Teologia i~teoria
                  społeczna},
  publisher =	 {Teologia Polityczna},
  address =	 {Warszawa},
  year =	 2020,
  edition =	 {I},
  series =	 {Biblioteka Teolorii Politycznej},
  volume =	 {XXI},
  note =	 {Michał Filipczuk},
}












@Comment #############################################################
@Comment #############################################################
@Comment HOLY FAITH, RELIGION AND NATURAL SCIENCES, BOOKS
@Comment #############################################################
@Comment #############################################################


@book{ PajbanAnatomiaKonfliktu2016,
  author =	 {Ks.~Tadeusz Pabjan},
  title =	 {Anatomia konfliktu. Między nowym ateizmem a~teologią
		  nauki},
  publisher =	 {Copernicus Center Press Sp.~z~o.o.},
  address =	 {Kraków},
  year =	 2016,
  edition =	 {I},
}










@Comment #############################################################
@Comment #############################################################
@Comment
@Comment #############################################################
@Comment #############################################################










@Comment #############################################################
@Comment #############################################################
@Comment #############################################################
@Comment PHILOSOPHICAL INQUARY, ANALYSIS AND REFLECTIONS
@Comment ON THE HOLY FAITH, BOOKS
@Comment #############################################################
@Comment #############################################################
@Comment #############################################################



@Comment #############################################################
@Comment #############################################################
@Comment PHILOSOPHICAL INQUARY, ANALYSIS AND REFLECTIONS
@Comment OF THE HOLY FAITH AFTER 1848, BOOKS
@Comment #############################################################
@Comment #############################################################





@Comment #############################################################
@Comment #############################################################
@Comment PHILOSOPHICAL INQUARY, ANALYSIS AND REFLECTIONS
@Comment OF THE HOLY FAITH, AFTER 1914, BOOKS
@Comment #############################################################
@Comment #############################################################


@book{ ChestertonWiekuistyCzlowiek,
  author =	 {Gilbert Keith Chesterton},
  title =	 {Wiekuisty Człowiek},
  publisher =	 {Fronda sp. z~o.o., Apostolicum},
  address =	 {Warszawa-Ząbki},
  year =	 {Brak daty},
  edition =	 {I},
  note =	 {Magda Sobolewska},
}



@book{ GuardiniKoniecCzasowEtc1969,
  author =	 {Romano Guardini},
  title =	 {Koniec czasów nowożytnych. Świat i~osoba. Wolność,
		  łaska, los},
  publisher =	 {Wydawnictwo ZNAK},
  address =	 {Kraków},
  year =	 1969,
  edition =	 {I},
  note =	 {Tłum. Zofia Włodkowa, Maria Turowicz, Janusz
		  Bronowicz},
}






















@Comment #############################################################
@Comment #############################################################
@Comment PHILOSOPHICAL INQUARY, ANALYSIS AND REFLECTIONS
@Comment OF THE HOLY FAITH, AFTER 1945, BOOKS
@Comment #############################################################
@Comment #############################################################


@book{ BalthasarBurzenieBastionow2000,
  author =	 {Hans Urs von Balthasar},
  title =	 {Burzenie bastionów. },
  publisher =	 {Wydawnictwo WAM},
  address =	 {Kraków},
  year =	 2000,
  edition =	 {I},
  note =	 {Tłum. Ks. Jerzy Zakrzewski SJ, Ewa Marszał},
  series =	 {Problemy Teologiczne},
  volume =	 7,
}











@Comment #############################################################
@Comment #############################################################
@Comment PHILOSOPHICAL INQUARY, ANALYSIS AND REFLECTIONS
@Comment OF THE HOLY FAITH, AFTER 1962, BOOKS
@Comment #############################################################
@Comment #############################################################


@book{ AmerioIotaUnum,
  author =	 {Romano Amerio},
  title =	 {Iota Unum. Analiza zmian w~Kościele Katolickim},
  publisher =	 {Wydawnictwo Antyk Marcin Dybowski},
  address =	 {Komorów},
  year =	 {Brak daty},
  note =	 {Tłum. anonimowe},
}



@book{ DaviesSoborAWolnoscReligina2002,
  author =	 {Michael Davies},
  title =	 {Sobór Watykański~II a~wolność religijna},
  publisher =	 {Te Deum},
  address =	 {Warszawa},
  year =	 2002,
  edition =	 {I},
}



@book{ HildebrandKonTrojanski2006,
  author =	 {Dietrich von~Hildebrand},
  title =	 {Koń trojański w~Mieście Boga},
  publisher =	 {Fronda PL Sp. z~o.o., Apostolicum},
  address =	 {Warszawa~-- Ząbki},
  year =	 2006,
  edition =	 {II},
  note =	 {Tłum. Jerzy Wocial},
  series =	 {Fides \&~Ratio},
}



@book{ HildebrandSpustoszonaWinnica2006,
  author =	 {Dietrich von~Hildebrand},
  title =	 {Spustoszona winnica},
  publisher =	 {Fronda PL Sp. z~o.o., Apostolicum},
  address =	 {Warszawa~-- Ząbki},
  year =	 2006,
  edition =	 {II},
  note =	 {Tłum. Tomasz G.~Pszczółkowski},
  series =	 {Fides \& Ratio},
}



@book{ MaritainWiesniakZnadGaronny2017,
  author =	 {Jacques Maritain},
  title =	 {Wieśniak znad Garonny. Stary świecki chrześcijanin
                  snuje refleksje \emph{\`{a}~propos} czasów
                  współczesnych},
  publisher =	 {W~drodze sp. z~o.o.},
  address =	 {Poznań},
  year =	 2017,
  edition =	 {I},
  note =	 {Tłum. Arkadiusz Ziernicki},
}




















@Comment #############################################################
@Comment #############################################################
@Comment #############################################################
@Comment WORKS ON FAITH OF DOUBTFUL QUALITY, BOOKS
@Comment #############################################################
@Comment #############################################################
@Comment #############################################################


@book{ KiznerZglebiajacWlasnaTajemnice2017,
  author =	 {Mark S.~Kinzer},
  title =	 {Zgłębiając własną tajemnicę. Kościół w~żydowskiej
		  myśli mesjańskiej},
  publisher =	 {Bratni Zew Wydawnictwo Franciszkanów},
  address =	 {Kraków},
  year =	 2017,
  edition =	 {I},
  series =	 {Sapientia},
  note =	 {Tłum. Monika Bartoski},
}



@book{ LubacParadoksyINoweParadoksy1995,
  author =	 {Kard. Henri de Lubac SJ},
  title =	 {Paradosky i~Nowe paradoksy},
  publisher =	 {Wydawnictwo WAM, Księża Jezuici},
  address =	 {Kraków},
  year =	 1995,
  edition =	 {I},
  note =	 {Tłum. Maria Roztworowska-Książek},
}



@book{ SpeyrTrzyKobietyIPan1998,
  author =	 {Adrienne von~Speyr},
  title =	 {Trzy kobiety i~Pan},
  publisher =	 {W~drodze},
  address =	 {Poznań},
  year =	 1998,
  edition =	 {I},
  note =	 {Tłum. Jan Koźbiał},
}










@Comment #############################################################
@Comment #############################################################
@Comment #############################################################
@Comment HISTORY OF HOLY FAITH, BOOKS
@Comment #############################################################
@Comment #############################################################
@Comment #############################################################



@Comment #############################################################
@Comment #############################################################
@Comment SYNTHESIS OF HISTORY OF HOLY FAITH, BOOKS
@Comment #############################################################
@Comment #############################################################


@book{ CarrollHistoriaChrzecijanstwaVolI2009,
  author =	 {Warren H. Carroll},
  title =	 {Historia Chrześcijaństwa. Tom~I: Narodziny
		  Chrześcijaństwa},
  publisher =	 {Wydawnictwo Wektory},
  address =	 {Bielany Wrocławskie},
  year =	 2009,
  edition =	 {I},
  note =	 {Tłum. Jerzy Morka},
}



@book{ CarrollHistoriaChrzecijanstwaVolII2010,
  author =	 {Warren H. Carroll},
  title =	 {Historia Chrześcijaństwa. Tom~II: Budowanie
                  Chrześcijaństwa},
  publisher =	 {Wydawnictwo Wektory},
  address =	 {Bielany Wrocławskie},
  year =	 2010,
  edition =	 {I},
  note =	 {Tłum. Jan Przybył},
}



@book{ CarrollHistoriaChrzecijanstwaVolIII2010,
  author =	 {Warren H. Carroll},
  title =	 {Historia Chrześcijaństwa. Tom~III: Złota Epoka
                  Chrześcijaństwa},
  publisher =	 {Wydawnictwo Wektory},
  address =	 {Bielany Wrocławskie},
  year =	 2010,
  edition =	 {I},
  note =	 {Tłum. Jerzy Morka},
}



@book{ CarrollHistoriaChrzecijanstwaVolIV2011,
  author =	 {Warren H. Carroll},
  title =	 {Historia Chrześcijaństwa. Tom~IV: Podział
		  Chrześcijaństwa},
  publisher =	 {Wydawnictwo Wektory},
  address =	 {Bielany Wrocławskie},
  year =	 2011,
  edition =	 {I},
  note =	 {Tłum. Jerzy Morka},
}



@book{ CarrollCarrollHistoriaChrzecijanstwaVolVI2014,
  author =	 {Warren H. Carroll and Anne W. Carroll},
  title =	 {Historia Chrześcijaństwa. Tom~VI: Kryzys
		  Chrześcijaństwa},
  publisher =	 {Wydawnictwo Wektory},
  address =	 {Bielany Wrocławskie},
  year =	 2014,
  edition =	 {I},
  note =	 {Tłum. Jerzy Morka},
}



@Comment Łukasz Czarnecki, ale BibTeX się burzy na Ł
@book{ CzarneckiKonstantynopol626Wyd2017,
  author =	 {{Ł}ukasz Czarnecki},
  title =	 {Konstantynopol~626},
  publisher =	 {Bellona},
  address =	 {Warszawa},
  year =	 2017,
  edition =	 {I},
}



@book{ KumorHistoriaKosciolaVolI2003,
  author =	 {Ks. Bolesław Kumor},
  title =	 {Historia Kościoła. Tom~I: Starożytność
		  chrześcijaństwa},
  publisher =	 {Wydawnictwo KUL},
  address =	 {Lublin},
  year =	 2003,
  edition =	 {II},
}










@Comment #############################################################
@Comment #############################################################
@Comment HISTORY OF HOLY FAITH IN FIRST CENTURY BEFORE
@Comment AND AFTER CHRIST, BOOKS
@Comment #############################################################
@Comment #############################################################


@book{ RoszkowskiSwiatChrystusVolI2016,
  author =	 {Wojciech Roszkowski},
  title =	 {Świat Chrystusa. Tom~I},
  publisher =	 {Wydawnictwo Biały Kruk},
  address =	 {Kraków},
  year =	 2016,
  edition =	 {I},
}










@Comment #############################################################
@Comment #############################################################
@Comment HISTORY OF HOLY FAITH IN XX AND XXI CENTURIES
@Comment AFTER CHRIST, BOOKS
@Comment #############################################################
@Comment #############################################################


@book{ GuerrieroImpagliazzoNajnowszaHistoriaKosciola2006,
  author =	 {Red. E. Guerriero and M. Impagliazzo},
  title =	 {Najnowsza historia Kościoła. Katolicy i~kościoły
                  chrześcijańskie w~czasie pontyfikatu Jana Pawła~II
                  (1978--2005)},
  publisher =	 {Wydawnictwo M},
  address =	 {Kraków},
  year =	 2006,
  edition =	 {I},
}



@book{ KratiukZmienicKosciol2019,
  author =	 {Krystian Kratiuk},
  title =	 {Zmienić Kościół. Synod młodych i papieża Franciszka},
  publisher =	 {PROHIBITA},
  address =	 {Warszawa},
  year =	 2019,
  edition =	 {I},
}










@Comment #############################################################
@Comment HISTORY OF SECOND VATIVAN COUNCIL, BOOKS
@Comment #############################################################


@book{ OMalleyCoSieWydarzyloPodczasSoboruWatykanskiegoDrugiego2011,
  author =	 {J. W. O'Malley SJ},
  title =	 {Co się wydarzyło podczas Soboru Watykańskiego
                  Drugiego},
  publisher =	 {WAM},
  year =	 2011,
  edition =	 {I},
}



@book{ WiltgenRenWpadaDoTybru2010,
  author =	 {Ralph W. Wiltgen},
  title =	 {Ren wpada do~Tybru. Historia Soboru
                  Watykańskiego~II},
  publisher =	 {Wydawnictwo AA s.c.},
  address =	 {Dębogóra},
  year =	 2010,
  edition =	 {I},
}










@Comment #############################################################
@Comment #############################################################
@Comment HISTORY OF HOLY FAITH IN POLAND, BOOKS
@Comment #############################################################
@Comment #############################################################


@book{ ButterwickPolskaRewolucjaAKosciolKatolicki2012,
  author =	 {Richard Butterwick},
  title =	 {Polska Rewolucja a~Kościół Katolicki 1788--1792},
  publisher =	 {Wydawnictwo ARCANA},
  address =	 {Kraków},
  year =	 2012,
  edition =	 {I},
}



@book{ OzogKoronaIKrzyz2012,
  author =	 {Krzysztof Ożóg},
  title =	 {Korona i~Krzyż. Czasy Piastów i~Jagiellonów},
  publisher =	 {Wydawnictwo Biały Kruk},
  address =	 {Kraków},
  year =	 2012,
  edition =	 {I},
  series =	 {Kościół na~straży polskiej wolności},
  volume =	 {I},
}










@Comment #############################################################
@Comment #############################################################
@Comment #############################################################
@Comment HOLY FAITH AND PHILOSOPHY, BOOKS
@Comment #############################################################
@Comment #############################################################
@Comment #############################################################



@Comment #############################################################
@Comment #############################################################
@Comment WORKS CLOSER TO GOD, BOOKS
@Comment #############################################################
@Comment #############################################################


@book{ MaritainNaukaIMadrosc2005,
  author =	 {Jacques Maritain},
  title =	 {Nauka i~madrosc},
  publisher =	 {FRONDA~PL sp.~z~o.o., Apostolicum},
  address =	 {Warszawa~-- Ząbki},
  year =	 2005,
  edition =	 {II~-- Poprawione},
  note =	 {Tłum. Marian Reutt},
}



@book{ MaritainTrzejReformatorzy2005,
  author =	 {Jacques Maritain},
  title =	 {Trzej reformatorzy. Luter, Kartezjusz, Rousseau},
  publisher =	 {FRONDA~PL sp.~z~o.o., Apostolicum},
  address =	 {Warszawa~-- Ząbki},
  year =	 2005,
  edition =	 {II~-- Poprawione},
  note =	 {Tłum. Ks.~Konstanty Michalski},
}










@Comment #############################################################
@Comment #############################################################
@Comment WORKS NEUTRAL OR HOSTILE TO GOD, BOOKS
@Comment #############################################################
@Comment #############################################################


@book{ HerbichPragnienieKrolestwa2018,
  author =	 {Tomasz Herbich},
  title =	 {Pragnienie królestwa. August Cieszkowski, Mikołaj
		  Bierdiajew i~dwa oblicza mesjanizmu},
  publisher =	 {Teologia Polityczna},
  address =	 {Warszawa},
  year =	 2018,
  edition =	 {I},
}



@book{ KarlowiczSokratesIInniSwieci2005,
  author =	 {Dariusz Karłowicz},
  title =	 {Sokrates i~inni święci. O~postawie starożytnych
		  chrześcijan wobec rozumu i~filozofii},
  publisher =	 {Fronda, Ośrodek Myśli Politycznej},
  address =	 {Warszawa},
  year =	 2005,
  edition =	 {I},
}
