@Comment #############################################################
@Comment #############################################################
@Comment #############################################################
@Comment DEUS
@Comment #############################################################
@Comment #############################################################
@Comment #############################################################













@Comment #############################################################
@Comment #############################################################
@Comment NOVA ET VETERA JOURNAL
@Comment #############################################################
@Comment #############################################################


@article{ Austriaco-Theological-fittingness-ETC-2015,
  author =	 {Nicanor Pier Giorgio Austriaco, O.P.},
  title =	 {A~Theological Fittingness Argument
		  for~the~Historicity~of the~Fall~of \textit{Homo
		  Sapiens}},
  journal =	 {Nova et Vetera, English Edition},
  year =	 2015,
  volume =	 13,
  number =	 3,
  pages =	 {651--667},
}



@article{ Dewan-St-Thomas-Norman-Kretzmann-ETC-2006,
  author =	 {Lawrence Dewan, O.P.},
  title =	 {St.~Thomas, Norman Kretzmann, and Divine Freedom
		  in~Creating},
  journal =	 {Nova et~Vetera, English Edition},
  year =	 2006,
  volume =	 4,
  number =	 3,
  pages =	 {495--514},
}



@article{ Farrow-Backing-Bricks-For-Babel-2010,
  author =	 {Douglas Farrow},
  title =	 {Baking Bricks~of Babel?},
  journal =	 {Nova et~Vetera, English Edition},
  year =	 2007,
  volume =	 8,
  number =	 4,
  pages =	 {745--762},
}



@article{ Mansini-Lonergan-on-natural-desire-ETC-2007,
  author =	 {Guy Mansini, O.S.B.},
  title =	 {Lonergan on~the~Natural Desire in~the~Light~of
		  Feingold},
  journal =	 {Nova et~Vetera, English Edition},
  year =	 2007,
  volume =	 5,
  number =	 1,
  pages =	 {185--198},
}



@article{ Martin-Post-Christendom-Sacramental-Crisis-ETC-2013,
  author =	 {Ralph Martin},
  title =	 {The~Post-Christendom Sacramental Crisis: The~Wisdom
                  of Thomas Aquinas},
  journal =	 {Nova et~Vetera, English Edition},
  year =	 2013,
  volume =	 11,
  number =	 1,
  pages =	 {57--75},
}



@article{ Morerod-Identity-of-Nova-et-Vetera-2011,
  author =	 {Charles Morerod, O.P.},
  title =	 {The~Identity~of \textit{Nova et~Vera}},
  journal =	 {Nova et~Vetera, English Edition},
  year =	 2011,
  volume =	 9,
  number =	 1,
  pages =	 {11--25},
}



@article{ Weigel-Rescuing-Gaudium-Et-Spes-ETC-2010,
  author =	 {George Weigel},
  title =	 {Resciung \textit{Gaudium et~Spes}: The~New Humanism~of
                  John Paul~II},
  journal =	 {Nova et~Vetera, English Edition},
  year =	 2010,
  volume =	 8,
  number =	 2,
  pages =	 {251--267},
}










@Comment #############################################################
@Comment #############################################################
@Comment ROCZNIK TOMISTYCZNY
@Comment #############################################################
@Comment #############################################################


@article{ Mandrela-Tomistyczna-filozofia-bytu-ETC-2015,
  author =	 {Anna Mandreala},
  title =	 {Tomistyczna filozofia bytu i~buddyjska filozofia
                  pustki},
  journal =	 {Rocznik Tomistyczny},
  year =	 2015,
  volume =	 4,
  pages =	 {215--238},
}





















@Comment #############################################################
@Comment #############################################################
@Comment #############################################################
@Comment PHILOSOPHY
@Comment #############################################################
@Comment #############################################################
@Comment #############################################################




@Comment #############################################################
@Comment #############################################################
@Comment PHILOSOPHY, XX AND XXI CENTURY
@Comment #############################################################
@Comment #############################################################


@article{ Tercz-Szkic-na-temat-teorii-kina-Gillesa-Deleuzea-ETC,
  author =	 {Jakub Tercz},
  title =	 {Szkic na~temat teorii kina Gillesa Deleuzeâ€™a. Metoda
                  i~zarys struktury},
  journal =	 {{}},
  month =	 {{}},
  year =	 {{}},
  volume =	 {{}},
  number =	 {{}},
  pages =	 {{}},
  publisher =	 {{}},
  doi =		 {{}},
}










@Comment #############################################################
@Comment #############################################################
@Comment HISTORY OF PHILOSOPHY
@Comment #############################################################
@Comment #############################################################



@Comment #############################################################
@Comment HISTORY OF PHILOSOPHY FROM 1900 TO 1950
@Comment #############################################################


@article{ Skidelshy-The-Strange-Death-of-British-Idealism-2007,
  author =	 {Edward Skidelsku},
  title =	 {The~Strange Death~of British Idealism},
  journal =	 {Philosophy and~Literature},
  month =	 {April},
  year =	 2007,
  volume =	 31,
  number =	 1,
  pages =	 {41-51},
  publisher =	 {Johns Hopkins University Press},
  doi =		 {10.1353/phl.2007.0017},
}










@Comment #############################################################
@Comment VARIOUS ARTICLES ON THE HOLLY FAITH AND PHILOSOPHY
@Comment #############################################################


@article{ Portier-Twentieth-Century-Catholic-Theology-ETC,
  author =	 {William L. Portier},
  title =	 {Twentieth-Century Catholic Theology and The Triumph
                  of Maurice Blondel},
  journal =	 {{}},
  year =	 {{}},
  volume =	 {{}},
  number =	 {{}},
  pages =	 {{}},
}
