@Comment #############################################################
@Comment #############################################################
@Comment #############################################################
@Comment #############################################################
@Comment DEUS
@Comment #############################################################
@Comment #############################################################
@Comment #############################################################
@Comment #############################################################



@Comment #############################################################
@Comment #############################################################
@Comment #############################################################
@Comment COLLECTIONS OF ARTICLES CONNECTED TO HOLY FAITH, BOOKS
@Comment #############################################################
@Comment #############################################################
@Comment #############################################################


@book{ TischnerNieszczesnyDarWolnosci1996,
  author =	 {Ks.~Józef Tischner},
  title =	 {Nieszczęsny dar wolności},
  publisher =	 {ZNAK},
  address =	 {Kraków},
  year =	 1996,
  edition =	 {II},
}










@Comment #############################################################
@Comment #############################################################
@Comment #############################################################
@Comment PAPAL DOCUMENTS
@Comment #############################################################
@Comment #############################################################
@Comment #############################################################



@Comment #############################################################
@Comment #############################################################
@Comment POPE PIUS XI
@Comment #############################################################
@Comment #############################################################

@book{ PiusXICastiConnubii2019,
  author =	 {Pius XI},
  title =	 {Encyklika „Casti Connubii”. O~małżeństwie chrześcijańskim},
  publisher =	 {Capital sp. z~o.o.},
  address =	 {Warszawa},
  year =	 2019,
  edition =	 {I},
}


























@Comment #############################################################
@Comment #############################################################
@Comment #############################################################
@Comment THE HOLY FAITH AND OTHER SUBJECTS, BOOKS
@Comment #############################################################
@Comment #############################################################
@Comment #############################################################


@Comment #############################################################
@Comment #############################################################
@Comment HISTORY OF IDEAS WITH CONNECTIONS TO THE HOLY FAITH, BOOKS
@Comment #############################################################
@Comment #############################################################


@book{ McMullinEwolucjaIStworzenie2014,
  author =	 {Ernan McMullin},
  title =	 {Ewolucja i~stworzenie},
  publisher =	 {Copernicus Center Press},
  address =	 {Kraków},
  year =	 2014,
  edition =	 {IV~-- poprawione},
  series =	 {Naukia i~Religa},
}










@Comment #############################################################
@Comment #############################################################
@Comment #############################################################
@Comment THE SACRED LITURGY, BOOKS
@Comment #############################################################
@Comment #############################################################
@Comment #############################################################



@Comment #############################################################
@Comment #############################################################
@Comment THE SACRED LITURGY AFTER 1962, BOOKS
@Comment #############################################################
@Comment #############################################################


@book{ DaviesZniszczenieMszySwietej2016,
  author =	 {Michael Davies},
  title =	 {Zniszczenie Mszy Świętej czyli Godly Order Cranmera},
  publisher =	 {Wydawnictwo ANTYK Marcin Dybowski},
  address =	 {Komorów},
  year =	 2016,
  edition =	 {I},
  note =	 {Tłum. anonimowe},
  series =	 {Trylogia Liturgiczna},
  volume =	 {I},
}



@book{ DaviesSoborPapiezaJana2011,
  author =	 {Michael Davies},
  title =	 {Sobór Papieża Jana. Rewolucja liturgiczna},
  publisher =	 {Wydawnictwo ANTYK Marcin Dybowski},
  address =	 {Komorów},
  year =	 2011,
  edition =	 {I},
}



@book{ DaviesLiturginczeBomby2004,
  author =	 {Michael Davies},
  title =	 {Liturgiczne bomby zegarowe Vaticanum~II. Zniszczenie
		  katolickiej wiary przez zmiany w~katolickim kulcie},
  publisher =	 {Te Deum},
  address =	 {Warszawa},
  year =	 2004,
  edition =	 {I},
}










@Comment #############################################################
@Comment #############################################################
@Comment #############################################################
@Comment VARIOUS WORKS CONNECTED TO HOLY FAITH, BOOKS
@Comment #############################################################
@Comment #############################################################
@Comment #############################################################










@Comment #############################################################
@Comment #############################################################
@Comment #############################################################
@Comment WORKS OF THE BLESSED, BOOKS
@Comment #############################################################
@Comment #############################################################
@Comment #############################################################



@Comment #############################################################
@Comment #############################################################
@Comment XVII-XIX CENTURIES AFTER CHRIST, BOOKS
@Comment #############################################################
@Comment #############################################################











@Comment #############################################################
@Comment #############################################################
@Comment #############################################################
@Comment WORKS OF THE PEOPLE IMPORTANT TO HOLY FAITH, BOOKS
@Comment #############################################################
@Comment #############################################################
@Comment #############################################################



@Comment #############################################################
@Comment #############################################################
@Comment PEOPLE LIVING IN XX AND XXI CENTURY AFTER CHRIST, BOOKS
@Comment #############################################################
@Comment #############################################################


@book{ RatzingerBenedyktXVIJezusZNazaretuDziecinstwo2012,
  author =	 {Joseph Ratzinger/Bendykt XVI},
  title =	 {Jezus z~Nazaretu. Dzieciństwo},
  publisher =	 {Wydawnictwo Znak},
  address =	 {Kraków},
  year =	 2012,
  edition =	 {I},
  note =	 {Przekład: Wiesław Szymon OP},
}



@book{ RatzingerBenedyktXVIJezusZNazaretuVolI2012,
  author =	 {Joseph Ratzinger/Bendykt XVI},
  title =	 {Jezus z~Nazaretu. Część I: Od chrztu w~Jordanie do
                  Przemienienia},
  publisher =	 {Wydawnictwo M},
  address =	 {Kraków},
  year =	 2011,
  note =	 {Przekład: Wiesław Szymon OP},
}










@Comment #############################################################
@Comment #############################################################
@Comment #############################################################
@Comment WORKS OF THE SAINTS, BOOKS
@Comment #############################################################
@Comment #############################################################
@Comment #############################################################



@Comment #############################################################
@Comment #############################################################
@Comment SAINTS LIVING IN I AND II CENTURY AFTER CHRIST, BOOKS
@Comment #############################################################
@Comment #############################################################










@Comment #############################################################
@Comment #############################################################
@Comment SAINTS LIVING IN II AND III CENTURY AFTER CHRIST, BOOKS
@Comment #############################################################
@Comment #############################################################










@Comment #############################################################
@Comment #############################################################
@Comment SAINTS LIVING IN III AND IV CENTURY AFTER CHRIST, BOOKS
@Comment #############################################################
@Comment #############################################################










@Comment #############################################################
@Comment #############################################################
@Comment SAINTS LIVING IN IV AND V CENTURY AFTER CHRIST, BOOKS
@Comment #############################################################
@Comment #############################################################


@book{ SancteAugustynCivitasDei2015,
  author =	 {Sancte Augustyn z~Hippony},
  title =	 {Państwo Boże},
  publisher =	 {Wydawnictwo Marek Derewiecki},
  address =	 {Kęty},
  year =	 2015,
  note =	 {{}},
}



@book{ SancteAugustunConfessiones2007,
  author =	 {Sancte Augustyn z~Hippony},
  title =	 {Wyznania},
  publisher =	 {Wydawnictwo Znak},
  address =	 {Kraków},
  year =	 2007,
  edition =	 {IV},
}



@book{ SancteAugustynOKazaniuPanaNaGorzeIInneDziela1989,
  author =	 {Sancet Augustyn z~Hippony},
  title =	 {O~kazaniu Pana na Górze. Do~Symplicjana o~różnych
                  problemach. Problemy ewangeliczne},
  publisher =	 {{}},
  address =	 {Warszawa},
  year =	 1989,
  note =	 {{}},
}



@book{ SancteHieronimKomEwangeliiWdSwMateusza2008,
  author =	 {Sancte Hieronim},
  title =	 {Komentarz do~Ewangelii według św.~Mateusza},
  publisher =	 {Wydawnictwo WAM},
  address =	 {Kraków},
  year =	 2008,
}



@book{ SancteJanChryzostomHomKsiegaRodzaju2008,
  author =	 {Sancte Jan Chryzostom},
  title =	 {Homilie na~Księgę Rodzaju (seria pierwsza:
                  Rdz~1--3)},
  publisher =	 {Wydawnictwo WAM},
  address =	 {Kraków},
  year =	 2008,
}










@Comment #############################################################
@Comment #############################################################
@Comment SAINTS LIVING IN V AND VI CENTURY AFTER CHRIST, BOOKS
@Comment #############################################################
@Comment #############################################################










@Comment #############################################################
@Comment #############################################################
@Comment SAINTS LIVING IN VI AND VII CENTURY AFTER CHRIST, BOOKS
@Comment #############################################################
@Comment #############################################################


@book{ SancteJanKlimakDrabinaRaju2011,
  author =	 {Sancte Jan Klimak},
  title =	 {Drabina Raju},
  publisher =	 {Wydawnictwo Marek Derewiecki},
  address =	 {Kęty},
  year =	 2011,
  edition =	 {I},
  note =	 {Tłum. Waldemar Polanowski i~Ewa Osek},
}










@Comment #############################################################
@Comment #############################################################
@Comment SAINTS LIVING IN VII AND VIII CENTURY AFTER CHRIST, BOOKS
@Comment #############################################################
@Comment #############################################################










@Comment #############################################################
@Comment #############################################################
@Comment SAINTS LIVING IN VIII AND IX CENTURY AFTER CHRIST, BOOKS
@Comment #############################################################
@Comment #############################################################










@Comment #############################################################
@Comment #############################################################
@Comment SAINTS LIVING IN IX AND X CENTURY AFTER CHRIST, BOOKS
@Comment #############################################################
@Comment #############################################################










@Comment #############################################################
@Comment #############################################################
@Comment SAINTS LIVING IN X AND XI CENTURY AFTER CHRIST, BOOKS
@Comment #############################################################
@Comment #############################################################










@Comment #############################################################
@Comment #############################################################
@Comment SAINTS LIVING IN XI AND XII CENTURY AFTER CHRIST, BOOKS
@Comment #############################################################
@Comment #############################################################


@book{ SancteAnzelmZCanterburyOPraOWolOUpad2011,
  author =	 {Sancte Anzelm z~Canterbury},
  title =	 {O~prawdzie. O~wolności woli. O~upadku woli},
  publisher =	 {Wydawnictwo Marek Derewiecki},
  address =	 {Kęty},
  year =	 2011,
  edition =	 {I},
  series =	 {Ad~fontes},
  volume =	 {XXI},
  note =	 {Przełożył, wstępem i~komentarzami opatrzył Andrzej
                  P.~Stefańczyk},
}










@Comment #############################################################
@Comment #############################################################
@Comment SAINTS LIVING IN XII AND XIII CENTURY AFTER CHRIST, BOOKS
@Comment #############################################################
@Comment #############################################################


@book{ SancteTomaszZAkwinuSumaTeologicznaTomI1960,
  author =	 {Sancte Tomasz z~Akwinu},
  title =	 {Suma Teologiczna. Tom~I},
  publisher =	 {Katolicki Ośrodek Wydawniczy "VERITAS"????},
  address =	 {London},
  year =	 1960,
  edition =	 {I},
}
@Comment 1960???



@book{ SancteTomaszZAkwinuOKrolowaniu2006,
  author =	 {Sancte Tomasz z~Akwinu},
  title =	 {O~królowaniu~-- królowi Cypru},
  publisher =	 {Ośrodek Myśli Politycznej, Wyższa Szkoła Europejska
                  im.~ks.~Józefa Tischnera},
  address =	 {Kraków},
  year =	 2006,
  edition =	 {I},
  series =	 {Klasyka myśli politycznej},
  volume =	 {II},
  note =	 {Tłumaczenie i~komentarz Mateusz Matyszkowicz},
}










@Comment #############################################################
@Comment #############################################################
@Comment SAINTS LIVING IN XIII AND XIV CENTURY AFTER CHRIST, BOOKS
@Comment #############################################################
@Comment #############################################################










@Comment #############################################################
@Comment #############################################################
@Comment SAINTS LIVING IN XIV AND XV CENTURY AFTER CHRIST, BOOKS
@Comment #############################################################
@Comment #############################################################










@Comment #############################################################
@Comment #############################################################
@Comment SAINTS LIVING IN XV AND XVI CENTURY AFTER CHRIST, BOOKS
@Comment #############################################################
@Comment #############################################################










@Comment #############################################################
@Comment #############################################################
@Comment SAINTS LIVING IN XVI AND XVII CENTURY AFTER CHRIST, BOOKS
@Comment #############################################################
@Comment #############################################################


@book{ SancteFranciszekSalezyFilotea,
  author =	 {Sancte Franciszek Salezy},
  title =	 {Filotea czyli droga do życia pobożnego},
  publisher =	 {Wydawnictwo AA s.c.},
  address =	 {Kraków},
  year =	 {2001?},
}










@Comment #############################################################
@Comment #############################################################
@Comment SAINTS LIVING IN XVII AND XVIII CENTURY AFTER CHRIST, BOOKS
@Comment #############################################################
@Comment #############################################################










@Comment #############################################################
@Comment #############################################################
@Comment SAINTS LIVING IN XVIII AND XIX CENTURY AFTER CHRIST, BOOKS
@Comment #############################################################
@Comment #############################################################


@book{ NewmanApologia2009,
  author =	 {Sancte John Henry Newman},
  title =	 {Apologia pro vita sua},
  publisher =	 {Fronda},
  address =	 {Warszawa},
  year =	 2009,
  edition =	 {II poprawione},
  note =	 {Tłum. Stanisław Gąsiorowski},
}










@Comment #############################################################
@Comment #############################################################
@Comment SAINTS LIVING IN XIX AND XX CENTURY AFTER CHRIST, BOOKS
@Comment #############################################################
@Comment #############################################################


@book{ SancteTeresaBenOdKrzyzaKobieta1999,
  author =	 {Sancte Edyta Stein, Teresa Benedykt od~Krzyża~OCD},
  title =	 {Kobieta. Jej zadanie według natury i~łaski},
  publisher =	 {Wydawnictwo Diecezji Pelpińskiej „Bernardinum”
                  w~Peplinie, w~koedycji z~Instytutem Teologicznym
                  Diecezj Peplińskiej w~Tczewie, Punktem
                  Konsultacyjnym Akademii Teologii Katolickiej
                  w~Warszawie},
  address =	 {Tczew-Peplin},
  year =	 1999,
  edition =	 {II~-- poprawione},
  series =	 {Bibliotek Instytutu Teologicznego},
  volume =	 4,
  note =	 {Tłum. s.~Janina Immakulata Adamska OCD},
}










@Comment #############################################################
@Comment #############################################################
@Comment SAINTS LIVING IN XX AND XXI CENTURY AFTER CHRIST, BOOKS
@Comment #############################################################
@Comment #############################################################


@book{ SancteJanPawelPamiecITozsamoscII2005,
  author =	 {Sancte Jan Paweł~II},
  title =	 {Pamięć i~tożsamość. Rozmowy na~przełomie tysiącleci},
  publisher =	 {Społeczny Instytut Wydawniczy Znak},
  address =	 {Kraków},
  year =	 2005,
  edition =	 {I},
}










@Comment #############################################################
@Comment #############################################################
@Comment #############################################################
@Comment WORKS ON SACRED SCRIPTURE, BOOKS
@Comment #############################################################
@Comment #############################################################
@Comment #############################################################


@book{ LifschitzStanSieSwiatlo2008,
  author =	 {Daniel Lifschitz},
  title =	 {Stań~się światło! Hagad do~rozdziału pierwszego
		  Księgi Rodzaju},
  publisher =	 {Wydawnictwo AA~-- Fronda},
  address =	 {Kraków~-- Warszawa},
  year =	 2008,
  edition =	 {I},
  note =	 {Tłum. Barbara Żurowska},
}



@book{ HahnListDoRzymianKatolickiETC2021,
  author =	 {Scott~W. Hahn},
  title =	 {List do Rzymian. Katolicki komentarz do Pisma
                  Świętego},
  publisher =	 {W~drodze sp. z~o.o.},
  address =	 {Poznań},
  year =	 2021,
  edition =	 {I},
  series =	 {Katolicki komentarz do~Pisma Świętego},
  note =	 {Tłum. Aleksander Gomola},
}










@Comment #############################################################
@Comment #############################################################
@Comment WORKS ON SACRED SCRIPTURE OF DOUBTFUL QUALITY, BOOKS
@Comment #############################################################
@Comment #############################################################


@book{ SpiewakPiecKsiagTory2012,
  author =	 {Paweł Śpiewak},
  title =	 {Pięć ksiąg Tory. Komentarze},
  publisher =	 {Wydawnictwo Uniwersytetu Warszawskiego},
  address =	 {Warszawa},
  year =	 2012,
  edition =	 {I},
}
