@Comment #############################################################
@Comment #############################################################
@Comment DEUS, books
@Comment #############################################################
@Comment #############################################################



@Comment #############################################################
@Comment Papal documents
@Comment #############################################################



@Comment ###############################
@Comment Pope Pius XI
@Comment ###############################


@book{ Pius-XI-Casti-Connubii-Pub-2019,
  author =	 {Pius XI},
  title =	 {Encyklika „Casti Connubii”. O~małżeństwie chrześcijańskim},
  publisher =	 {Capital sp. z~o.o.},
  address =	 {Warszawa},
  year =	 2019,
  edition =	 {I},
}










@Comment #############################################################
@Comment The Holy Faith and other subjects
@Comment #############################################################







@Comment #############################################################
@Comment Sacred Scripture
@Comment #############################################################


@book{ Brandstaetter-Ewangelia-wedlug-Swietego-Mateusza-Pub-1986,
  author =	 {Przełożył z~greckiego Roman Brandstaetter},
  title =	 {Ewangelia według Świętego Mateusza},
  publisher =	 {Instytut Wydawniczy Pax},
  address =	 {Warszawa},
  year =	 1986,
  edition =	 {I},
}










@Comment #############################################################
@Comment The Sacred Liturgy
@Comment #############################################################



@Comment ###############################
@Comment The Sacred Liturgy after 1962
@Comment ###############################


@book{ Davies-Zniszczenie-Mszy-Swietej-ETC-Pub-2016,
  author =	 {Michael Davies},
  title =	 {Zniszczenie Mszy Świętej czyli Godly Order Cranmera},
  publisher =	 {Wydawnictwo ANTYK Marcin Dybowski},
  address =	 {Komorów},
  year =	 2016,
  edition =	 {I},
  note =	 {Tłum. anonimowe},
  series =	 {Trylogia Liturgiczna},
  volume =	 {I},
}



@book{ Davies-Sobor-Papieza-Jana-Pub-2011,
  author =	 {Michael Davies},
  title =	 {Sobór Papieża Jana. Rewolucja liturgiczna},
  publisher =	 {Wydawnictwo ANTYK Marcin Dybowski},
  address =	 {Komorów},
  year =	 2011,
  edition =	 {I},
}



@book{ Davies-Liturgincze-bomby-ETC-Pub-2004,
  author =	 {Michael Davies},
  title =	 {Liturgiczne bomby zegarowe Vaticanum~II. Zniszczenie
		  katolickiej wiary przez zmiany w~katolickim kulcie},
  publisher =	 {Te Deum},
  address =	 {Warszawa},
  year =	 2004,
  edition =	 {I},
}










@Comment #############################################################
@Comment Works of the blessed
@Comment #############################################################



@Comment ###############################
@Comment XVII-XIX centuries after Christ
@Comment ###############################











@Comment #############################################################
@Comment Works of people important to the Holy Faith
@Comment #############################################################



@Comment ###############################
@Comment People living in XX and XXI century after Christ
@Comment ###############################


@book{ Ratzinger-Benedykt-XVI-Jezus-z-Nazaretu-Dziecinstwo-Pub-2012,
  author =	 {Joseph Ratzinger/Bendykt XVI},
  title =	 {Jezus z~Nazaretu. Dzieciństwo},
  publisher =	 {Wydawnictwo Znak},
  address =	 {Kraków},
  year =	 2012,
  edition =	 {I},
  note =	 {Przekład: Wiesław Szymon OP},
}



@book{ Ratzinger-Benedykt-XVI-Jezus-z-Nazaretu-Vol-I-Pub-2011,
  author =	 {Joseph Ratzinger/Bendykt XVI},
  title =	 {Jezus z~Nazaretu. Część~I: Od chrztu w~Jordanie
                  do~Przemienienia},
  publisher =	 {Wydawnictwo M},
  address =	 {Kraków},
  year =	 2011,
  note =	 {Przekład: Wiesław Szymon OP},
}










@Comment #############################################################
@Comment Works of the saints
@Comment #############################################################



@Comment ###############################
@Comment Saints living in I and II century after Christ
@Comment ###############################










@Comment ###############################
@Comment Saints living in II and III century after Christ
@Comment ###############################










@Comment ###############################
@Comment Saints living in III and IV century after Christ
@Comment ###############################










@Comment ###############################
@Comment Saints living in IV and V century after Christ
@Comment ###############################


@book{ Sancte-Augustyn-Civitas-Dei-Pub-2015,
  author =	 {Sancte Augustyn z~Hippony},
  title =	 {Państwo Boże},
  publisher =	 {Wydawnictwo Marek Derewiecki},
  address =	 {Kęty},
  year =	 2015,
  note =	 {{}},
}



@book{ Sancte-Augustun-Confessiones-Pub-2007,
  author =	 {Sancte Augustyn z~Hippony},
  title =	 {Wyznania},
  publisher =	 {Wydawnictwo Znak},
  address =	 {Kraków},
  year =	 2007,
  edition =	 {IV},
}



@book{ Sancte-Augustyn-O-kazaniu-Pana-na-Gorze-ETC-Pub-1989,
  author =	 {Sancet Augustyn z~Hippony},
  title =	 {O~kazaniu Pana na Górze. Do~Symplicjana o~różnych
                  problemach. Problemy ewangeliczne},
  publisher =	 {{}},
  address =	 {Warszawa},
  year =	 1989,
  note =	 {{}},
}



@book{ Sancte-Hieronim-Komentarz-do-Ewangelii-wedlug-ETC-2008,
  author =	 {Sancte Hieronim},
  title =	 {Komentarz do~Ewangelii według św.~Mateusza},
  publisher =	 {Wydawnictwo WAM},
  address =	 {Kraków},
  year =	 2008,
  note =	 {????},
}



@book{ Sancte-Jan-Chryzostom-Homilie-na-Ksiege-Rodzaju-Pub-2008,
  author =	 {Sancte Jan Chryzostom},
  title =	 {Homilie na~Księgę Rodzaju (seria pierwsza:
                  Rdz~1--3)},
  publisher =	 {Wydawnictwo WAM},
  address =	 {Kraków},
  year =	 2008,
}










@Comment ###############################
@Comment Saints living in V and VI century after Christ
@Comment ###############################










@Comment ###############################
@Comment Saints living in VI and VII century after Christ
@Comment ###############################


@book{ Sancte-Jan-Klimak-Drabina-Raju-Pub-2011,
  author =	 {Sancte Jan Klimak},
  title =	 {Drabina Raju},
  publisher =	 {Wydawnictwo Marek Derewiecki},
  address =	 {Kęty},
  year =	 2011,
  edition =	 {I},
  note =	 {Tłum. Waldemar Polanowski i~Ewa Osek},
}










@Comment ###############################
@Comment Saints living in VII and VIII century after Christ
@Comment ###############################










@Comment ###############################
@Comment Saints living in VIII and IX century after Christ
@Comment ###############################










@Comment ###############################
@Comment Saints living in IX and X century after Christ
@Comment ###############################










@Comment ###############################
@Comment Saints living in X and XI century after Christ
@Comment ###############################










@Comment ###############################
@Comment Saints living in XI and XII century after Christ
@Comment ###############################

@book{ Sancte-Anzelm-z-Canterbury-O-prawdzie-ETC-Pub-2011,
  author =	 {Sancte Anzelm z~Canterbury},
  title =	 {O~prawdzie. O~wolności woli. O~upadku woli},
  publisher =	 {Wydawnictwo Marek Derewiecki},
  address =	 {Kęty},
  year =	 2011,
  edition =	 {I},
  series =	 {Ad~fontes},
  volume =	 {XXI},
  note =	 {Przełożył, wstępem i~komentarzami opatrzył Andrzej
                  P.~Stefańczyk},
}










@Comment ###############################
@Comment Saints living in XII and XIII century after Christ
@Comment ###############################


@book{ Sancte-Tomasz-z-Akwinu-Suma-Teologiczna-Vol-I-Pub-1960,
  author =	 {Sancte Tomasz z~Akwinu},
  title =	 {Suma Teologiczna. Tom~I},
  publisher =	 {Katolicki Ośrodek Wydawniczy "VERITAS"????},
  address =	 {London},
  year =	 1960,
  edition =	 {I},
}
@Comment 1960???



@book{ Sancte-Tomasz-z-Akwinu-O-krolowaniu-ETC-Pub-2006,
  author =	 {Sancte Tomasz z~Akwinu},
  title =	 {O~królowaniu~-- królowi Cypru},
  publisher =	 {Ośrodek Myśli Politycznej, Wyższa Szkoła Europejska
                  im.~ks.~Józefa Tischnera},
  address =	 {Kraków},
  year =	 2006,
  edition =	 {I},
  series =	 {Klasyka myśli politycznej},
  volume =	 {II},
  note =	 {Tłumaczenie i~komentarz Mateusz Matyszkowicz},
}










@Comment ###############################
@Comment Saints living in XIII and XIV century after Christ
@Comment ###############################










@Comment ###############################
@Comment Saints living in XIV and XV century after Christ
@Comment ###############################










@Comment ###############################
@Comment Saints living in XV and XVI century after Christ
@Comment ###############################










@Comment ###############################
@Comment Saints living in XVI and XVII century after Christ
@Comment ###############################


@book{ Sancte-Franciszek-Salezy-Filotea,
  author =	 {Sancte Franciszek Salezy},
  title =	 {Filotea czyli droga do życia pobożnego},
  publisher =	 {Wydawnictwo AA s.c.},
  address =	 {Kraków},
  year =	 {2001?},
  note =	 {????},
}










@Comment ###############################
@Comment Saints living in XVII and XVIII century after Christ
@Comment ###############################










@Comment ###############################
@Comment Saints living in XVIII and XIX century after Christ
@Comment ###############################


@book{ Newman-Apologia-pro-vita-sua-Pub-2009,
  author =	 {Sancte John Henry Newman},
  title =	 {Apologia pro vita sua},
  publisher =	 {Fronda},
  address =	 {Warszawa},
  year =	 2009,
  edition =	 {II poprawione},
  note =	 {Tłum. Stanisław Gąsiorowski},
}










@Comment ###############################
@Comment Saints living in XIX and XX century after Christ
@Comment ###############################


@book{ Sancte-Edyta-Stein-Autoportret-z-listow-Czesc-pierwsza-Pub-1999,
  author =	 {Sancte Teresa Benedykta od~Krzyża Edyta Stein},
  title =	 {Autoportret z~listów. Część pierwsza 1916--1933},
  publisher =	 {Wydawnictwo Karmelitów Bosych},
  address =	 {Kraków},
  year =	 2003,
  note =	 {Przekład Immakulata Adamska OCD, Anna Talarek},
}



@book{ Sancte-Edyta-Stein-Kobieta-Pub-1999,
  author =	 {Sancte Edyta Stein, Teresa Benedykta od~Krzyża~OCD},
  title =	 {Kobieta. Jej zadanie według natury i~łaski},
  publisher =	 {Wydawnictwo Diecezji Pelpińskiej „Bernardinum”
                  w~Peplinie, w~koedycji z~Instytutem Teologicznym
                  Diecezj Peplińskiej w~Tczewie, Punktem
                  Konsultacyjnym Akademii Teologii Katolickiej
                  w~Warszawie},
  address =	 {Tczew-Peplin},
  year =	 1999,
  edition =	 {II~-- poprawione},
  series =	 {Bibliotek Instytutu Teologicznego},
  volume =	 4,
  note =	 {Tłum. s.~Janina Immakulata Adamska OCD},
}



@book{ Sancte-Edyta-Stein-Madrosc-krzyza-Pub-1988,
  author =	 {Sancte Edyta Stein},
  title =	 {Mądrość krzyża~-- mysli},
  publisher =	 {Wydawnictow Wrocławskiej Księgarni
                  Archidiecezjalnej},
  address =	 {Wrocław},
  year =	 1988,
  edition =	 {I},
  note =	 {Wybrał, przełożył i~wstępem opatrzył Kazmierze
                  Wójtowicz},
}



@book{ Sancte-Faustyna-Jezu-ufam-Tobie--Pub-1981,
  author =	 {Sancte Faustyna Kowalska},
  title =	 {Jezu ufam Tobie. Wybrane Modlitwy Sługi Bożej
                  Siostry Faustyny},
  address =	 {Rzym~-- Kraków},
  year =	 1981,
}










@Comment ###############################
@Comment Saints living in XX and XXI century after Christ
@Comment ###############################


@book{ Sancte-Jan-Pawel-II-Pamiec-i-tozsamosc-Pub-2005,
  author =	 {Sancte Jan Paweł~II},
  title =	 {Pamięć i~tożsamość. Rozmowy na~przełomie tysiącleci},
  publisher =	 {Społeczny Instytut Wydawniczy Znak},
  address =	 {Kraków},
  year =	 2005,
  edition =	 {I},
}
