@Comment #############################################################
@Comment #############################################################
@Comment DEUS ET LITTERAE
@Comment #############################################################
@Comment #############################################################



@Comment #############################################################
@Comment WORKS OF ROMAN BRANDSTAETTER
@Comment #############################################################


@Comment ###############################
@Comment ROMAN BRANDSTAETTER, NOVELS
@Comment ###############################


@book{ BrandstaetterJezusZNazarethuVolI1967,
  author =	 {Roman Brandstaetter},
  title =	 {Jezus z~Nazarethu. Tom~I: Czas milczenia},
  publisher =	 {Instytut Wydawniczy PAX},
  year =	 1967,
  edition =	 {I},
  volume =	 {I},
}



@book{ BrandstaetterJezusZNazarethuVolI1982,
  author =	 {Roman Brandstaetter},
  title =	 {Jezus z~Nazarethu},
  publisher =	 {Instytut Wydawniczy PAX},
  year =	 1982,
  edition =	 {VI},
  volume =	 {I},
}



@book{ BrandstaetterKsiegaModlitw2010,
  author =	 {Roman Brandstaetter},
  title =	 {Księga modlitw},
  publisher =	 {Wydawnictwo M},
  address =	 {Kraków},
  year =	 2010,
  series =	 {Roman Brandstaetter, dzieła zebrane},
}










@Comment #############################################################
@Comment ROMAN BRANDSTAETTER, SHORT STORIES
@Comment #############################################################


@book{ BrandstaetterPatriarchowie1986,
  author =	 {Roman Brandstaetter},
  title =	 {Patriarchowie},
  publisher =	 {Instytut Wydawniczy PAX},
  year =	 1986,
  edition =	 {I},
}










@Comment #############################################################
@Comment #############################################################
@Comment XIX AND XX CENTURIES NOVELS
@Comment #############################################################
@Comment #############################################################
