@Comment #############################################################
@Comment #############################################################
@Comment #############################################################
@Comment #############################################################
@Comment DEUS
@Comment #############################################################
@Comment #############################################################
@Comment #############################################################
@Comment #############################################################



@Comment #############################################################
@Comment #############################################################
@Comment #############################################################
@Comment WORKS OF SAINTS, BOOKS
@Comment #############################################################
@Comment #############################################################
@Comment #############################################################



@Comment #############################################################
@Comment #############################################################
@Comment SAINTS LIVING IN I AND II CENTURY AFTER CHRIST, BOOKS
@Comment #############################################################
@Comment #############################################################










@Comment #############################################################
@Comment #############################################################
@Comment SAINTS LIVING IN II AND III CENTURY AFTER CHRIST, BOOKS
@Comment #############################################################
@Comment #############################################################










@Comment #############################################################
@Comment #############################################################
@Comment SAINTS LIVING IN III AND IV CENTURY AFTER CHRIST, BOOKS
@Comment #############################################################
@Comment #############################################################










@Comment #############################################################
@Comment #############################################################
@Comment SAINTS LIVING IN IV AND V CENTURY AFTER CHRIST, BOOKS
@Comment #############################################################
@Comment #############################################################


@book{ SancteAugustynCivitasDei2015,
  author =	 {Sancte Augustyn z~Hippony},
  title =	 {Państwo Boże},
  publisher =	 {Wydawnictwo Marek Derewiecki},
  address =	 {Kęty},
  year =	 2015,
  note =	 {{}},
}



@book{ SancteAugustunConfessiones2007,
  author =	 {Sancte Augustyn z~Hippony},
  title =	 {Wyznania},
  publisher =	 {Wydawnictwo Znak},
  address =	 {Kraków},
  year =	 2007,
  edition =	 {IV},
}



@book{ SancteAugustynOKazaniuPanaNaGorzeIInneDziela1989,
  author =	 {Sancet Augustyn z~Hippony},
  title =	 {O~kazaniu Pana na Górze. Do~Symplicjana o~różnych
                  problemach. Problemy ewangeliczne},
  publisher =	 {{}},
  address =	 {Warszawa},
  year =	 1989,
  note =	 {{}},
}



@book{ SancteHieronimKomEwangeliiWdSwMateusza2008,
  author =	 {Sancte Hieronim},
  title =	 {Komentarz do~Ewangelii według św.~Mateusza},
  publisher =	 {Wydawnictwo WAM},
  address =	 {Kraków},
  year =	 2008,
}



@book{ SancteJanChryzostomHomKsiegaRodzaju2008,
  author =	 {Sancte Jan Chryzostom},
  title =	 {Homilie na~Księgę Rodzaju (seria pierwsza:
                  Rdz~1--3)},
  publisher =	 {Wydawnictwo WAM},
  address =	 {Kraków},
  year =	 2008,
}










@Comment #############################################################
@Comment #############################################################
@Comment SAINTS LIVING IN V AND VI CENTURY AFTER CHRIST, BOOKS
@Comment #############################################################
@Comment #############################################################










@Comment #############################################################
@Comment #############################################################
@Comment SAINTS LIVING IN VI AND VII CENTURY AFTER CHRIST, BOOKS
@Comment #############################################################
@Comment #############################################################


@book{ SancteJanKlimakDrabinaRaju2011,
  author =	 {Sancte Jan Klimak},
  title =	 {Drabina Raju},
  publisher =	 {Wydawnictwo Marek Derewiecki},
  address =	 {Kęty},
  year =	 2011,
  edition =	 {I},
  note =	 {Tłum. Waldemar Polanowski i~Ewa Osek},
}










@Comment #############################################################
@Comment #############################################################
@Comment SAINTS LIVING IN VII AND VIII CENTURY AFTER CHRIST, BOOKS
@Comment #############################################################
@Comment #############################################################










@Comment #############################################################
@Comment #############################################################
@Comment SAINTS LIVING IN VIII AND IX CENTURY AFTER CHRIST, BOOKS
@Comment #############################################################
@Comment #############################################################










@Comment #############################################################
@Comment #############################################################
@Comment SAINTS LIVING IN IX AND X CENTURY AFTER CHRIST, BOOKS
@Comment #############################################################
@Comment #############################################################










@Comment #############################################################
@Comment #############################################################
@Comment SAINTS LIVING IN X AND XI CENTURY AFTER CHRIST, BOOKS
@Comment #############################################################
@Comment #############################################################










@Comment #############################################################
@Comment #############################################################
@Comment SAINTS LIVING IN XI AND XII CENTURY AFTER CHRIST, BOOKS
@Comment #############################################################
@Comment #############################################################


@book{ SancteAnzelmZCanterburyOPraOWolOUpad2011,
  author =	 {Sancte Anzelm z~Canterbury},
  title =	 {O~prawdzie. O~wolności woli. O~upadku woli},
  publisher =	 {Wydawnictwo Marek Derewiecki},
  address =	 {Kęty},
  year =	 2011,
  edition =	 {I},
  series =	 {Ad~fontes},
  volume =	 {XXI},
  note =	 {Przełożył, wstępem i~komentarzami opatrzył Andrzej
                  P.~Stefańczyk},
}










@Comment #############################################################
@Comment #############################################################
@Comment SAINTS LIVING IN XII AND XIII CENTURY AFTER CHRIST, BOOKS
@Comment #############################################################
@Comment #############################################################


@book{ SancteTomaszZAkwinuSumaTeologicznaTomI1960,
  author =	 {Sancte Tomasz z~Akwinu},
  title =	 {Suma Teologiczna. Tom~I},
  publisher =	 {Katolicki Ośrodek Wydawniczy "VERITAS"????},
  address =	 {London},
  year =	 1960,
  edition =	 {I},
}
@Comment 1960???



@book{ SancteTomaszZAkwinuOKrolowaniu2006,
  author =	 {Sancte Tomasz z~Akwinu},
  title =	 {O~królowaniu~-- królowi Cypru},
  publisher =	 {Ośrodek Myśli Politycznej, Wyższa Szkoła Europejska
                  im.~ks.~Józefa Tischnera},
  address =	 {Kraków},
  year =	 2006,
  edition =	 {I},
  series =	 {Klasyka myśli politycznej},
  volume =	 {II},
  note =	 {Tłumaczenie i~komentarz Mateusz Matyszkowicz},
}










@Comment #############################################################
@Comment #############################################################
@Comment SAINTS LIVING IN XIII AND XIV CENTURY AFTER CHRIST, BOOKS
@Comment #############################################################
@Comment #############################################################










@Comment #############################################################
@Comment #############################################################
@Comment SAINTS LIVING IN XIV AND XV CENTURY AFTER CHRIST, BOOKS
@Comment #############################################################
@Comment #############################################################










@Comment #############################################################
@Comment #############################################################
@Comment SAINTS LIVING IN XV AND XVI CENTURY AFTER CHRIST, BOOKS
@Comment #############################################################
@Comment #############################################################










@Comment #############################################################
@Comment #############################################################
@Comment SAINTS LIVING IN XVI AND XVII CENTURY AFTER CHRIST, BOOKS
@Comment #############################################################
@Comment #############################################################


@book{ SancteFranciszekSalezyFilotea,
  author =	 {Sancte Franciszek Salezy},
  title =	 {Filotea czyli droga do życia pobożnego},
  publisher =	 {Wydawnictwo AA s.c.},
  address =	 {Kraków},
  year =	 {2001?},
}










@Comment #############################################################
@Comment #############################################################
@Comment SAINTS LIVING IN XVII AND XVIII CENTURY AFTER CHRIST, BOOKS
@Comment #############################################################
@Comment #############################################################










@Comment #############################################################
@Comment #############################################################
@Comment SAINTS LIVING IN XVIII AND XIX CENTURY AFTER CHRIST, BOOKS
@Comment #############################################################
@Comment #############################################################










@Comment #############################################################
@Comment #############################################################
@Comment SAINTS LIVING IN XIX AND XX CENTURY AFTER CHRIST, BOOKS
@Comment #############################################################
@Comment #############################################################


@book{ SancteTeresaBenOdKrzyzaKobieta1999,
  author =	 {Sancte Edyta Stein, Teresa Benedykt od~Krzyża~OCD},
  title =	 {Kobieta. Jej zadanie według natury i~łaski},
  publisher =	 {Wydawnictwo Diecezji Pelpińskiej „Bernardinum”
                  w~Peplinie, w~koedycji z~Instytutem Teologicznym
                  Diecezj Peplińskiej w~Tczewie, Punktem
                  Konsultacyjnym Akademii Teologii Katolickiej
                  w~Warszawie},
  address =	 {Tczew-Peplin},
  year =	 1999,
  edition =	 {II~-- poprawione},
  note =	 {Tłum. s.~Janina Immakulata Adamska OCD},
  series =	 {Bibliotek Instytutu Teologicznego},
  volume =	 4,
}










@Comment #############################################################
@Comment #############################################################
@Comment SAINTS LIVING IN XX AND XXI CENTURY AFTER CHRIST, BOOKS
@Comment #############################################################
@Comment #############################################################


@book{ SancteJanPawelPamiecITozsamoscII2005,
  author =	 {Sancte Jan Paweł~II},
  title =	 {Pamięć i~tożsamość. Rozmowy na~przełomie tysiącleci},
  publisher =	 {Społeczny Instytut Wydawniczy Znak},
  address =	 {Kraków},
  year =	 2005,
  edition =	 {I},
}










@Comment #############################################################
@Comment #############################################################
@Comment #############################################################
@Comment WORKS OF THE BLESSED, BOOKS
@Comment #############################################################
@Comment #############################################################
@Comment #############################################################



@Comment #############################################################
@Comment #############################################################
@Comment XVII-XIX CENTURIES AFTER CHRIST, BOOKS
@Comment #############################################################
@Comment #############################################################


@book{ NewmanApologia2009,
  author =	 {Bł. John Henry Newman},
  title =	 {Apologia pro vita sua},
  publisher =	 {Fronda},
  address =	 {Warszawa},
  year =	 2009,
  edition =	 {II poprawione},
  note =	 {Tłum. Stanisław Gąsiorowski},
}










@Comment #############################################################
@Comment #############################################################
@Comment #############################################################
@Comment WORKS OF PEOPLE IMPORTANT TO HOLY FAITH, BOOKS
@Comment #############################################################
@Comment #############################################################
@Comment #############################################################



@Comment #############################################################
@Comment #############################################################
@Comment XX-XXI CENTURIES AFTER CHRIST, BOOKS
@Comment #############################################################
@Comment #############################################################


@book{ RatzingerBenedyktXVIJezusZNazaretuDziecinstwo2012,
  author =	 {Joseph Ratzinger/Bendykt XVI},
  title =	 {Jezus z~Nazaretu. Dzieciństwo},
  publisher =	 {Wydawnictwo Znak},
  address =	 {Kraków},
  year =	 2012,
  edition =	 {I},
  note =	 {Przekład: Wiesław Szymon OP},
}



@book{ RatzingerBenedyktXVIJezusZNazaretuVolI2012,
  author =	 {Joseph Ratzinger/Bendykt XVI},
  title =	 {Jezus z~Nazaretu. Część I: Od chrztu w~Jordanie do
                  Przemienienia},
  publisher =	 {Wydawnictwo M},
  address =	 {Kraków},
  year =	 2011,
  note =	 {Przekład: Wiesław Szymon OP},
}










@Comment #############################################################
@Comment #############################################################
@Comment #############################################################
@Comment THEOLOGY, BOOKS
@Comment #############################################################
@Comment #############################################################
@Comment #############################################################



@Comment #############################################################
@Comment #############################################################
@Comment THEOLOGY AFTER 1900, BOOKS
@Comment #############################################################
@Comment #############################################################


@book{ BokwaWprowadzenieDoTeologiiKarlaRahnera1996,
  author =	 {Ks. Ignacy Bokwa},
  title =	 {Wprowadzenie do teologii Karla Rahnera},
  publisher =	 {BIBLOS},
  address =	 {Tarnów},
  year =	 1996,
  edition =	 {I???},
}



@book{ KerrKatolicyTeolodzy2011,
  author =	 {F. Kerr OP},
  title =	 {Katolicy teolodzy XX~wieku},
  publisher =	 {Wydawnictwo WAM},
  address =	 {Kraków},
  year =	 2011,
}










@Comment #############################################################
@Comment #############################################################
@Comment THEOLOGY AFTER 1914, BOOKS
@Comment #############################################################
@Comment #############################################################


@book{ RedMaczkaUrbanczykTeologiaNauki2015,
  author =	 {Red. Janusz Mączka and Piotr Urbańczyk},
  title =	 {Teologia nauki},
  publisher =	 {Copernicus Center Press},
  address =	 {Kraków},
  year =	 2015,
  edition =	 {I},
}










@Comment #############################################################
@Comment #############################################################
@Comment THEOLOGY AFTER 1945, BOOKS
@Comment #############################################################
@Comment #############################################################


@book{ EdwardsBogEwolucji2016,
  author =	 {Denis Edwards},
  title =	 {Bóg ewolucja. Teologia trynitarna},
  publisher =	 {Copernicus Center Press},
  address =	 {Kraków},
  year =	 2016,
  edition =	 {I},
  series =	 {Nauka i~Religa},
}



@book{ RowlandWiaraRatzingera2010,
  author =	 {Tracy Rowland},
  title =	 {Wiara Ratzinger, teologia Benedykta XVI},
  publisher =	 {Wydawnictwo WAM},
  address =	 {Kraków},
  year =	 2010,
  edition =	 {I},
}










@Comment #############################################################
@Comment #############################################################
@Comment THEOLOGY AFTER 1962, BOOKS
@Comment #############################################################
@Comment #############################################################


@book{ HealyMezczyzniIKobiety2008,
  author =	 {Mary Healy},
  title =	 {Mężczyźni i~kobiety~są z~raju},
  publisher =	 {Centrum Myśli Jana Pawła~II},
  address =	 {Warszawa},
  year =	 2008,
  edition =	 {I},
  note =	 {Tłum. Joanna Jaworska},
}



@book{ SchumacherKobietyWChrystusie2008,
  author =	 {Red. Michele M. Schumacher},
  title =	 {Kobiety w~Chrystusie. W~stronę nowego feminizmu},
  publisher =	 {Centrum Myśli Jana Pawła~II},
  address =	 {Warszawa},
  year =	 2008,
  edition =	 {I},
  note =	 {Tłum. Michał Romek},
}



@book{ VillaYvesCongar2013,
  author =	 {Ks. dr L. Villa},
  title =	 {Yves Congar},
  publisher =	 {Wydawnictwo ANTYK Marcin Dybowski},
  address =	 {Komorów},
  year =	 2013,
  edition =	 {{}},
  series =	 {Rewolucjoniści czasu apokalipsy},
}



@book{ VillaKarlRahner2013,
  author =	 {Ks. dr L. Villa},
  title =	 {Karl Rahner},
  publisher =	 {Wydawnictwo ANTYK Marcin Dybowski},
  address =	 {Komorów},
  year =	 2013,
  edition =	 {{}},
  series =	 {Rewolucjoniści czasu apokalipsy},
}










@Comment #############################################################
@Comment #############################################################
@Comment #############################################################
@Comment SACRED LITURGY, BOOKS
@Comment #############################################################
@Comment #############################################################
@Comment #############################################################



@Comment #############################################################
@Comment #############################################################
@Comment SACRED LITURGY AFTER 1962, BOOKS
@Comment #############################################################
@Comment #############################################################


@book{ DaviesZniszczenieMszySwietej2016,
  author =	 {Michael Davies},
  title =	 {Zniszczenie Mszy Świętej czyli Godly Order Cranmera},
  publisher =	 {Wydawnictwo ANTYK Marcin Dybowski},
  address =	 {Komorów},
  year =	 2016,
  edition =	 {I},
  note =	 {Tłum. anonimowe},
  series =	 {Trylogia Liturgiczna},
  volume =	 {I},
}



@book{ DaviesSoborPapiezaJana2011,
  author =	 {Michael Davies},
  title =	 {Sobór Papieża Jana. Rewolucja liturgiczna},
  publisher =	 {Wydawnictwo ANTYK Marcin Dybowski},
  address =	 {Komorów},
  year =	 2011,
  edition =	 {I},
}



@book{ DaviesLiturginczeBomby2004,
  author =	 {Michael Davies},
  title =	 {Liturgiczne bomby zegarowe Vaticanum~II. Zniszczenie
		  katolickiej wiary przez zmiany w~katolickim kulcie},
  publisher =	 {Te Deum},
  address =	 {Warszawa},
  year =	 2004,
  edition =	 {I},
}










@Comment #############################################################
@Comment #############################################################
@Comment #############################################################
@Comment BIOGRAPHIES OF SAINTS, BOOKS
@Comment #############################################################
@Comment #############################################################
@Comment #############################################################



@Comment #############################################################
@Comment #############################################################
@Comment BIOGRAPHIES OF SAINTS LIVING IN XV AND XVI CENTURIES
@Comment AFTER CHRIST, BOOKS
@Comment #############################################################
@Comment #############################################################










@Comment #############################################################
@Comment #############################################################
@Comment BIOGRAPHIES OF SAINTS LIVING IN XVI AND XVII CENTURIES
@Comment AFTER CHRIST, BOOKS
@Comment #############################################################
@Comment #############################################################










@Comment #############################################################
@Comment #############################################################
@Comment BIOGRAPHIES OF SAINTS LIVING IN XVII AND XVIII CENTURIES
@Comment AFTER CHRIST, BOOKS
@Comment #############################################################
@Comment #############################################################










@Comment #############################################################
@Comment #############################################################
@Comment BIOGRAPHIES OF SAINTS LIVING IN XVIII AND XIX CENTURY
@Comment #############################################################
@Comment #############################################################










@Comment #############################################################
@Comment #############################################################
@Comment BIOGRAPHIES OF SAINTS LIVING IN XIX AND XX CENTURIES
@Comment AFTER CHRIST, BOOKS
@Comment #############################################################
@Comment #############################################################


@book{ GorczycaEdytaStein2003,
  author =	 {Jakub Gorczyca SJ},
  title =	 {Edyta Stein},
  publisher =	 {Wydawnictwo WAM},
  address =	 {Kraków},
  year =	 2003,
  edition =	 {I},
  series =	 {Wielcy Ludzie Kościoła},
}










@Comment #############################################################
@Comment #############################################################
@Comment BIOGRAPHIES OF SAINTS LIVING IN XX AND XXI CENTURIES
@Comment AFTER CHRIST, BOOKS
@Comment #############################################################
@Comment #############################################################


@book{ NowakJanPawelIIKronikaZyciaIPontyfikatu2015,
  author =	 {Andrzej Nowak},
  title =	 {Jan Paweł~II. Kroniki życia i~pontyfikatu},
  publisher =	 {Wydawnictwo Olesiejuk},
  address =	 {Kraków},
  year =	 2015,
  edition =	 {I},
}










@Comment #############################################################
@Comment #############################################################
@Comment #############################################################
@Comment BIOGRAPHIES OF PEOPLE OF HOLY FAITH
@Comment #############################################################
@Comment #############################################################
@Comment #############################################################



@Comment #############################################################
@Comment #############################################################
@Comment BIOGRAPHIES OF PEOPLE LIVING IN FIRST CENTURY BEFORE
@Comment AND AFTER CHRIST
@Comment #############################################################
@Comment #############################################################










@Comment #############################################################
@Comment #############################################################
@Comment BIOGRAPHIES OF PEOPLE LIVING IN II AND III CENTURIES
@Comment AFTER CHRIST, BOOKS
@Comment #############################################################
@Comment #############################################################


@book{ PietrasOrygenes2001,
  author =	 {Henryk Pietras SJ},
  title =	 {Orygenes},
  publisher =	 {Wydawnictwo WAM},
  address =	 {Kraków},
  year =	 2001,
  edition =	 {I},
  series =	 {Wielcy Ludzie Kościoła},
}










@Comment #############################################################
@Comment #############################################################
@Comment BIOGRAPHIES OF PEOPLE LIVING IN XVI AND XVII CENTURIES
@Comment AFTER CHRIST, BOOKS
@Comment #############################################################
@Comment #############################################################


@book{ KoniorMatteoRicci2013,
  author =	 {Jan Koniro SJ},
  title =	 {Matteo Ricci},
  publisher =	 {Wydawnictwo WAM},
  address =	 {Kraków},
  year =	 2013,
  edition =	 {I},
  series =	 {Wielcy Ludzie Kościoła},
}










@Comment #############################################################
@Comment #############################################################
@Comment BIOGRAPHIES OF PEOPLE LIVING IN XIX AND XX CENTURIES
@Comment AFTER CHRIST, BOOKS
@Comment #############################################################
@Comment #############################################################


@book{ GuerrieroHansUrsVonBalthasarMonografia2004,
  author =	 {Elio Guerriero},
  title =	 {Hans Urv von Balthasar. Monografia},
  publisher =	 {Wydawnictwo M},
  address =	 {Kraków},
  year =	 2004,
  edition =	 {I},
  note =	 {Tłum. Monika Rodkiewicz},
}



@book{ KowalczykKarlRahner2001,
  author =	 {Dariusz Kowalczyk SJ},
  title =	 {Karl Rahner},
  publisher =	 {Wydawnictwo WAM},
  address =	 {Kraków},
  year =	 2001,
  edition =	 {I},
  series =	 {Wielcy Ludzie Kościoła},
}



@book{ PiotrowskiHansUrsVonBalthasar2005,
  author =	 {Ks.~Eligiusz Piotrowski},
  title =	 {Hans Urs von~Balthasar},
  publisher =	 {Wydawnictwo WAM},
  address =	 {Kraków},
  year =	 2005,
  edition =	 {I},
  series =	 {Wielcy Ludzie Kościoła},
}



@book{ WojtowiczHenriDeLubac2004,
  author =	 {Marek Wójtowicz S.J.},
  title =	 {Henri de~Lubac},
  publisher =	 {Wydawnictwo WAM},
  address =	 {Kraków},
  year =	 2004,
  edition =	 {I},
  series =	 {Wielcy Ludzie Kościoła},
}










@Comment #############################################################
@Comment #############################################################
@Comment BIOGRAPHIES OF PEOPLE LIVING IN XX AND XXI CENTURIES
@Comment AFTER CHRIST, BOOKS
@Comment #############################################################
@Comment #############################################################


@book{ HahnWDomuNajlepiej2009,
  author =	 {Scott Hahn, Kimberly Hahn},
  title =	 {W~domu najlepiej. Nasza droga do Kościoła
                  katolickiego},
  publisher =	 {Wydawnictwo Księży Marianów~MIC},
  address =	 {Warszawa},
  year =	 2009,
  edition =	 {II},
  note =	 {Tłum. Mira Majda},
}










@Comment #############################################################
@Comment #############################################################
@Comment #############################################################
@Comment WORKS ON LIFE AND THOUGHT OF SAINTS, BOOKS
@Comment #############################################################
@Comment #############################################################
@Comment #############################################################



@Comment #############################################################
@Comment #############################################################
@Comment WORKS ABOUT SAINT LIVING IN XIX AND XX CENTURIES
@Comment AFTER CHRIST, BOOKS
@Comment #############################################################
@Comment #############################################################










@Comment #############################################################
@Comment #############################################################
@Comment WORKS ABOUT SAINT LIVING IN XX AND XXI CENTURIES
@Comment AFTER CHRIST, BOOKS
@Comment #############################################################
@Comment #############################################################


@book{ SzukajacPrawdyEdytaSteinWKulturzePolskiej1998,
  author =	 {Red. Anita Czarniecka-Stefańska},
  title =	 {Szukając prawdy. Edyta Stein w~kulturze polskiej},
  publisher =	 {Wydawnictwo Uniwerystetu Wrocławskiego},
  address =	 {Wrocław},
  year =	 1998,
  edition =	 {I},
}










@Comment #############################################################
@Comment #############################################################
@Comment WORKS ON PEOPLE LIVING IN XX AND XXI CENTURY
@Comment AFTER CHRIST, BOOKS
@Comment #############################################################
@Comment #############################################################


@book{ PoslugaMysleniaTomIX2011,
  author =	 {Red. Jarosław Kupczak~OP},
  title =	 {Jan Paweł II. Posługa myślenia},
  publisher =	 {Wydawnictwo Naukowe Uniwersytetu Papieskiego Jana
                  Pawła~II w~Krakowie},
  address =	 {Kraków},
  year =	 2011,
  edition =	 {I},
  series =	 {Studia nad myślą Jana Pawła~II},
  volume =	 9,
}










@Comment #############################################################
@Comment #############################################################
@Comment WORKS ON LIFE AND THOUGHT OF BLESSED, BOOKS
@Comment #############################################################
@Comment #############################################################










@Comment #############################################################
@Comment #############################################################
@Comment #############################################################
@Comment WORKS ON LIFE AND THOUGHT OF PEOPLE IMPORTANT
@Comment TO HOLY FAITH, BOOKS
@Comment #############################################################
@Comment #############################################################
@Comment #############################################################



@Comment #############################################################
@Comment #############################################################
@Comment WORKS ON PEOPLE LIVING IN XX AND XXI CENTURIES
@Comment AFTER CHRIST, BOOKS
@Comment #############################################################
@Comment #############################################################


@book{ SeewaldBenedyktXVI2016,
  author =	 {Peter Seewald},
  title =	 {Benedykt XVI. Ostatnie rozmowy},
  publisher =	 {Dom Wydawniczy RAFAEL},
  address =	 {Kraków},
  year =	 2016,
  edition =	 {I},
}










@Comment #############################################################
@Comment #############################################################
@Comment #############################################################
@Comment VARIOUS WORKS, BOOKS
@Comment #############################################################
@Comment #############################################################
@Comment #############################################################



@Comment #############################################################
@Comment #############################################################
@Comment VARIOUS WORKS, TIME AFTER 1962, BOOKS
@Comment #############################################################
@Comment #############################################################


@book{ HahnNiescieIPrzyjmujcieDobraNowine2015,
  author =	 {Scott Hahn},
  title =	 {Nieście i~przyjmujcie Dobrą Nowinę. Wyzwania Nowej
                  Ewangelizacji},
  publisher =	 {Drukarnia i~Księgarnia Świętego Wojciecha Sp.
                  z~o.o.},
  address =	 {Poznań},
  year =	 2015,
  edition =	 {I},
}



@book{ HahnCzwartyKielich2019,
  author =	 {Scott Hahn},
  title =	 {Czwarty kielich. Odkrywanie tajemnicy Ostatniej
                  Wieczerzy i~Krzyża},
  publisher =	 {Esprit},
  address =	 {Kraków},
  year =	 2019,
  edition =	 {I},
}










@Comment #############################################################
@Comment #############################################################
@Comment #############################################################
@Comment ANALYSIS OF HOLY FAITH, RELIGION AND CULTURE, BOOKS
@Comment #############################################################
@Comment #############################################################
@Comment #############################################################


@book{ RedKrzywdzinskaPolskaRosjaReligiaKultura2016,
  author =	 {Red. Agata Krzywdzińska},
  title =	 {Polska--Rosja. W~sferze kultury i~religii. Wybrane
		  problemy},
  publisher =	 {Wydawnictwo Uniwersytetu Jagiellońskiego},
  address =	 {Kraków},
  year =	 2016,
  edition =	 {I},
}










@Comment #############################################################
@Comment #############################################################
@Comment #############################################################
@Comment HOLY FAITH, RELIGION AND SCIENCES, BOOKS
@Comment #############################################################
@Comment #############################################################
@Comment #############################################################


@book{ MilbankPrzekroczycRozumSekularny2020,
  author =	 {John Millbank},
  title =	 {Przekroczyć rozum sekularny. Teologia i~teoria
                  społeczna},
  publisher =	 {Teologia Polityczna},
  address =	 {Warszawa},
  year =	 2020,
  edition =	 {I},
  series =	 {Biblioteka Teolorii Politycznej},
  volume =	 {XXI},
  note =	 {Michał Filipczuk},
}












@Comment #############################################################
@Comment #############################################################
@Comment HOLY FAITH, RELIGION AND NATURAL SCIENCES, BOOKS
@Comment #############################################################
@Comment #############################################################


@book{ PajbanAnatomiaKonfliktu2016,
  author =	 {Ks.~Tadeusz Pabjan},
  title =	 {Anatomia konfliktu. Między nowym ateizmem a~teologią
		  nauki},
  publisher =	 {Copernicus Center Press Sp.~z~o.o.},
  address =	 {Kraków},
  year =	 2016,
  edition =	 {I},
}










@Comment #############################################################
@Comment #############################################################
@Comment
@Comment #############################################################
@Comment #############################################################










@Comment #############################################################
@Comment #############################################################
@Comment #############################################################
@Comment PHILOSOPHICAL INQUARY, ANALYSIS AND REFLECTIONS
@Comment ON THE HOLY FAITH, BOOKS
@Comment #############################################################
@Comment #############################################################
@Comment #############################################################



@Comment #############################################################
@Comment #############################################################
@Comment PHILOSOPHICAL INQUARY, ANALYSIS AND REFLECTIONS
@Comment OF THE HOLY FAITH AFTER 1848, BOOKS
@Comment #############################################################
@Comment #############################################################





@Comment #############################################################
@Comment #############################################################
@Comment PHILOSOPHICAL INQUARY, ANALYSIS AND REFLECTIONS
@Comment OF THE HOLY FAITH, AFTER 1914, BOOKS
@Comment #############################################################
@Comment #############################################################


@book{ ChestertonWiekuistyCzlowiek,
  author =	 {Gilbert Keith Chesterton},
  title =	 {Wiekuisty Człowiek},
  publisher =	 {Fronda sp. z~o.o., Apostolicum},
  address =	 {Warszawa-Ząbki},
  year =	 {Brak daty},
  edition =	 {I},
  note =	 {Magda Sobolewska},
}



@book{ GuardiniKoniecCzasowEtc1969,
  author =	 {Romano Guardini},
  title =	 {Koniec czasów nowożytnych. Świat i~osoba. Wolność,
		  łaska, los},
  publisher =	 {Wydawnictwo ZNAK},
  address =	 {Kraków},
  year =	 1969,
  edition =	 {I},
  note =	 {Tłum. Zofia Włodkowa, Maria Turowicz, Janusz
		  Bronowicz},
}










@Comment #############################################################
@Comment #############################################################
@Comment PHILOSOPHICAL INQUARY, ANALYSIS AND REFLECTIONS
@Comment OF THE HOLY FAITH, AFTER 1962, BOOKS
@Comment #############################################################
@Comment #############################################################


@book{ HildebrandKonTrojanski2006,
  author =	 {Dietrich von~Hildebrand},
  title =	 {Koń trojański w~Mieście Boga},
  publisher =	 {Fronda PL Sp. z~o.o., Apostolicum},
  address =	 {Warszawa~-- Ząbki},
  year =	 2006,
  edition =	 {II},
  note =	 {Tłum. Jerzy Wocial},
  series =	 {Fides \&~Ratio},
}










@Comment #############################################################
@Comment #############################################################
@Comment PHILOSOPHICAL INQUARY, ANALYSIS AND REFLECTIONS
@Comment OF THE HOLY FAITH, AFTER 1945, BOOKS
@Comment #############################################################
@Comment #############################################################










@Comment #############################################################
@Comment #############################################################
@Comment PHILOSOPHICAL INQUARY, ANALYSIS AND REFLECTIONS
@Comment OF THE HOLY FAITH, AFTER 1965, BOOKS
@Comment #############################################################
@Comment #############################################################


@book{ AmerioIotaUnum,
  author =	 {Romano Amerio},
  title =	 {Iota Unum. Analiza zmian w~Kościele Katolickim},
  publisher =	 {Wydawnictwo Antyk Marcin Dybowski},
  address =	 {Komorów},
  year =	 {Brak daty},
  note =	 {Tłum. anonimowe},
}



@book{ DaviesSoborAWolnoscReligina2002,
  author =	 {Michael Davies},
  title =	 {Sobór Watykański~II a~wolność religijna},
  publisher =	 {Te Deum},
  address =	 {Warszawa},
  year =	 2002,
  edition =	 {I},
}



@book{ HildebrandSpustoszonaWinnica2006,
  author =	 {Dietrich von~Hildebrand},
  title =	 {Spustoszona winnica},
  publisher =	 {Fronda PL Sp. z~o.o., Apostolicum},
  address =	 {Warszawa~-- Ząbki},
  year =	 2006,
  edition =	 {II},
  note =	 {Tłum. Tomasz G.~Pszczółkowski},
  series =	 {Fides \& Ratio},
}



@book{ MaritainWiesniakZnadGaronny2017,
  author =	 {Jacques Maritain},
  title =	 {Wieśniak znad Garonny. Stary świecki chrześcijanin
                  snuje refleksje \emph{\`{a}~propos} czasów
                  współczesnych},
  publisher =	 {W~drodze sp. z~o.o.},
  address =	 {Poznań},
  year =	 2017,
  edition =	 {I},
  note =	 {Tłum. Arkadiusz Ziernicki},
}










@Comment #############################################################
@Comment #############################################################
@Comment #############################################################
@Comment BIBLE
@Comment #############################################################
@Comment #############################################################
@Comment #############################################################


@book{ LifschitzStanSieSwiatlo2008,
  author =	 {Daniel Lifschitz},
  title =	 {Stań~się światło! Hagad do~rozdziału pierwszego
		  Księgi Rodzaju},
  publisher =	 {Wydawnictwo AA~-- Fronda},
  address =	 {Kraków~-- Warszawa},
  year =	 2008,
  edition =	 {I},
  note =	 {Tłum. Barbara Żurowska},
}










@Comment #############################################################
@Comment #############################################################
@Comment WORKS ON BIBLE OF DOUBTFUL QUALITY, BOOKS
@Comment #############################################################
@Comment #############################################################


@book{ SpiewakPiecKsiagTory2012,
  author =	 {Paweł Śpiewak},
  title =	 {Pięć ksiąg Tory. Komentarze},
  publisher =	 {Wydawnictwo Uniwersytetu Warszawskiego},
  address =	 {Warszawa},
  year =	 2012,
  edition =	 {I},
}



@book{ KiznerZglebiajacWlasnaTajemnice2017,
  author =	 {Mark S.~Kinzer},
  title =	 {Zgłębiając własną tajemnicę. Kościół w~żydowskiej
		  myśli mesjańskiej},
  publisher =	 {Bratni Zew Wydawnictwo Franciszkanów},
  address =	 {Kraków},
  year =	 2017,
  edition =	 {I},
  series =	 {Sapientia},
  note =	 {Tłum. Monika Bartoski},
}










@Comment #############################################################
@Comment #############################################################
@Comment #############################################################
@Comment WORKS ON FAITH OF DOUBTFUL QUALITY, BOOKS
@Comment #############################################################
@Comment #############################################################
@Comment #############################################################


@book{ LubacParadoksyINoweParadoksy1995,
  author =	 {Kard. Henri de Lubac SJ},
  title =	 {Paradosky i Nowe paradoksy},
  publisher =	 {Wydawnictwo WAM, Księża Jezuici},
  address =	 {Kraków},
  year =	 1995,
  edition =	 {I},
  note =	 {Tłum. Maria Roztworowska-Książek},
}










@Comment #############################################################
@Comment #############################################################
@Comment #############################################################
@Comment HISTORY OF HOLY FAITH, BOOKS
@Comment #############################################################
@Comment #############################################################
@Comment #############################################################



@Comment #############################################################
@Comment #############################################################
@Comment SYNTHESIS OF HISTORY OF HOLY FAITH, BOOKS
@Comment #############################################################
@Comment #############################################################


@book{ CarrollHistoriaChrzecijanstwaVolI2009,
  author =	 {Warren H. Carroll},
  title =	 {Historia Chrześcijaństwa. Tom~I: Narodziny
		  Chrześcijaństwa},
  publisher =	 {Wydawnictwo Wektory},
  address =	 {Bielany Wrocławskie},
  year =	 2009,
  edition =	 {I},
  note =	 {Tłum. Jerzy Morka},
}



@book{ CarrollHistoriaChrzecijanstwaVolII2010,
  author =	 {Warren H. Carroll},
  title =	 {Historia Chrześcijaństwa. Tom~II: Budowanie
                  Chrześcijaństwa},
  publisher =	 {Wydawnictwo Wektory},
  address =	 {Bielany Wrocławskie},
  year =	 2010,
  edition =	 {I},
  note =	 {Tłum. Jan Przybył},
}



@book{ CarrollHistoriaChrzecijanstwaVolIII2010,
  author =	 {Warren H. Carroll},
  title =	 {Historia Chrześcijaństwa. Tom~III: Złota Epoka
                  Chrześcijaństwa},
  publisher =	 {Wydawnictwo Wektory},
  address =	 {Bielany Wrocławskie},
  year =	 2010,
  edition =	 {I},
  note =	 {Tłum. Jerzy Morka},
}



@book{ CarrollHistoriaChrzecijanstwaVolIV2011,
  author =	 {Warren H. Carroll},
  title =	 {Historia Chrześcijaństwa. Tom~IV: Podział
		  Chrześcijaństwa},
  publisher =	 {Wydawnictwo Wektory},
  address =	 {Bielany Wrocławskie},
  year =	 2011,
  edition =	 {I},
  note =	 {Tłum. Jerzy Morka},
}



@book{ CarrollCarrollHistoriaChrzecijanstwaVolVI2014,
  author =	 {Warren H. Carroll and Anne W. Carroll},
  title =	 {Historia Chrześcijaństwa. Tom~VI: Kryzys
		  Chrześcijaństwa},
  publisher =	 {Wydawnictwo Wektory},
  address =	 {Bielany Wrocławskie},
  year =	 2014,
  edition =	 {I},
  note =	 {Tłum. Jerzy Morka},
}



@Comment Łukasz Czarnecki, ale BibTeX się burzy na Ł
@book{ CzarneckiKonstantynopol626Wyd2017,
  author =	 {{Ł}ukasz Czarnecki},
  title =	 {Konstantynopol~626},
  publisher =	 {Bellona},
  address =	 {Warszawa},
  year =	 2017,
  edition =	 {I},
}



@book{ KumorHistoriaKosciolaTomI2003,
  author =	 {Ks. Bolesław Kumor},
  title =	 {Historia Kościoła. Tom~I: Starożytność
		  chrześcijaństwa},
  publisher =	 {Wydawnictwo KUL},
  address =	 {Lublin},
  year =	 2003,
  edition =	 {II},
}










@Comment #############################################################
@Comment #############################################################
@Comment HISTORY OF HOLY FAITH IN FIRST CENTURY BEFORE
@Comment AND AFTER CHRIST, BOOKS
@Comment #############################################################
@Comment #############################################################


@book{ RoszkowskiSwiatChrystusTomI2016,
  author =	 {Wojciech Roszkowski},
  title =	 {Świat Chrystusa. Tom~I},
  publisher =	 {Wydawnictwo Biały Kruk},
  address =	 {Kraków},
  year =	 2016,
  edition =	 {I},
}










@Comment #############################################################
@Comment #############################################################
@Comment HISTORY OF HOLY FAITH IN XX AND XXI CENTURIES
@Comment AFTER CHRIST, BOOKS
@Comment #############################################################
@Comment #############################################################


@book{ GuerrieroImpagliazzoNajnowszaHistoriaKosciola2006,
  author =	 {Red. E. Guerriero and M. Impagliazzo},
  title =	 {Najnowsza historia Kościoła. Katolicy i~kościoły
                  chrześcijańskie w~czasie pontyfikatu Jana Pawła~II
                  (1978--2005)},
  publisher =	 {Wydawnictwo M},
  address =	 {Kraków},
  year =	 2006,
  edition =	 {I},
}



@book{ KratiukZmienicKosciol2019,
  author =	 {Krystian Kratiuk},
  title =	 {Zmienić Kościół. Synod młodych i papieża Franciszka},
  publisher =	 {PROHIBITA},
  address =	 {Warszawa},
  year =	 2019,
  edition =	 {I},
}










@Comment #############################################################
@Comment HISTORY OF SECOND VATIVAN COUNCIL, BOOKS
@Comment #############################################################


@book{ OMalleyCoSieWydarzyloPodczasSoboruWatykanskiegoDrugiego2011,
  author =	 {J. W. O'Malley SJ},
  title =	 {Co się wydarzyło podczas Soboru Watykańskiego
                  Drugiego},
  publisher =	 {WAM},
  year =	 2011,
  edition =	 {I},
}



@book{ WiltgenRenWpadaDoTybru2010,
  author =	 {Ralph W. Wiltgen},
  title =	 {Ren wpada do~Tybru. Historia Soboru
                  Watykańskiego~II},
  publisher =	 {Wydawnictwo AA s.c.},
  address =	 {Dębogóra},
  year =	 2010,
  edition =	 {I},
}










@Comment #############################################################
@Comment #############################################################
@Comment HISTORY OF HOLY FAITH IN POLAND, BOOKS
@Comment #############################################################
@Comment #############################################################


@book{ ButterwickPolskaRewolucjaAKosciolKatolicki2012,
  author =	 {Richard Butterwick},
  title =	 {Polska Rewolucja a~Kościół Katolicki 1788--1792},
  publisher =	 {Wydawnictwo ARCANA},
  address =	 {Kraków},
  year =	 2012,
  edition =	 {I},
}



@book{ OzogKoronaIKrzyz2012,
  author =	 {Krzysztof Ożóg},
  title =	 {Korona i~Krzyż. Czasy Piastów i~Jagiellonów},
  publisher =	 {Wydawnictwo Biały Kruk},
  address =	 {Kraków},
  year =	 2012,
  edition =	 {I},
  series =	 {Kościół na~straży polskiej wolności},
  volume =	 {I},
}










@Comment #############################################################
@Comment #############################################################
@Comment #############################################################
@Comment HOLY FAITH AND PHILOSOPHY, BOOKS
@Comment #############################################################
@Comment #############################################################
@Comment #############################################################



@Comment #############################################################
@Comment #############################################################
@Comment WORKS CLOSER TO GOD, BOOKS
@Comment #############################################################
@Comment #############################################################


@book{ MaritainTrzejReformatorzy2005,
  author =	 {Jacques Maritain},
  title =	 {Trzej reformatorzy. Luter, Kartezjusz, Rousseau},
  publisher =	 {FRONDA~PL sp.~z~o.o., Apostolicum},
  address =	 {Warszawa~-- Ząbki},
  year =	 2005,
  edition =	 {II~-- Poprawione},
  note =	 {Tłum. Ks.~Konstanty Michalski},
}










@Comment #############################################################
@Comment #############################################################
@Comment WORKS NEUTRAL OR HOSTILE TO GOD, BOOKS
@Comment #############################################################
@Comment #############################################################


@book{ HerbichPragnienieKrolestwa2018,
  author =	 {Tomasz Herbich},
  title =	 {Pragnienie królestwa. August Cieszkowski, Mikołaj
		  Bierdiajew i~dwa oblicza mesjanizmu},
  publisher =	 {Teologia Polityczna},
  address =	 {Warszawa},
  year =	 2018,
  edition =	 {I},
}



@book{ KarlowiczSokratesIInniSwieci2005,
  author =	 {Dariusz Karłowicz},
  title =	 {Sokrates i~inni święci. O~postawie starożytnych
		  chrześcijan wobec rozumu i~filozofii},
  publisher =	 {Fronda, Ośrodek Myśli Politycznej},
  address =	 {Warszawa},
  year =	 2005,
  edition =	 {I},
}










@Comment #############################################################
@Comment #############################################################
@Comment #############################################################
@Comment HOLY FAITH AND OTHER SUBJECTS, BOOKS
@Comment #############################################################
@Comment #############################################################
@Comment #############################################################


@Comment #############################################################
@Comment #############################################################
@Comment HISTORICAL ANALYSIS, BOOKS
@Comment #############################################################
@Comment #############################################################


@book{ McMullinEwolucjaIStworzenie2014,
  author =	 {Ernan McMullin},
  title =	 {Ewolucja i~stworzenie},
  publisher =	 {Copernicus Center Press},
  address =	 {Kraków},
  year =	 2014,
  edition =	 {IV~-- poprawione},
  series =	 {Naukia i~Religa},
}










@Comment #############################################################
@Comment #############################################################
@Comment #############################################################
@Comment VARIOUS WORKS CONNECTED TO HOLY FAITH, BOOKS
@Comment #############################################################
@Comment #############################################################
@Comment #############################################################










@Comment #############################################################
@Comment #############################################################
@Comment #############################################################
@Comment COLLECTIONS OF ARTICLES CONNECTED TO HOLY FAITH, BOOKS
@Comment #############################################################
@Comment #############################################################
@Comment #############################################################


@book{ TischnerNieszczesnyDarWolnosci1996,
  author =	 {Ks.~Józef Tischner},
  title =	 {Nieszczęsny dar wolności},
  publisher =	 {ZNAK},
  address =	 {Kraków},
  year =	 1996,
  edition =	 {II},
}










@Comment #############################################################
@Comment #############################################################
@Comment #############################################################
@Comment PHILOSOPHY, BOOKS
@Comment #############################################################
@Comment #############################################################
@Comment #############################################################



@Comment #############################################################
@Comment #############################################################
@Comment GREAT PHILOSOPHY, BOOKS
@Comment #############################################################
@Comment #############################################################



@Comment #############################################################
@Comment ARISTOTEL, BOOKS
@Comment #############################################################


@book{ ArytotelesRetorykaRetorykaAleksandraPoetyka2004,
  author =	 {Arystoteles},
  title =	 {Retoryka. Retoryka dla Aleksandra. Poetyka},
  publisher =	 {Wydawnictwo Naukowe~PWN},
  address =	 {Warszawa},
  year =	 2004,
  edition =	 {{}},
}










@Comment #############################################################
@Comment PLATO, BOOKS
@Comment #############################################################


@book{ PlatonLachesProtagoras2002,
  author =	 {Platon},
  title =	 {Laches, Protagoras},
  publisher =	 {Wydawnictwo ANTYK},
  address =	 {Kęty},
  year =	 2002,
  edition =	 {I},
}


@book{ PlatonDialogiVolII1999,
  author =	 {Platon},
  title =	 {Dialogi},
  publisher =	 {ANTYK},
  volume =	 {II},
  edition =	 {I},
  year =	 1999,
}










@Comment #############################################################
@Comment LAOZI, BOOKS
@Comment #############################################################


@book{ LaoziKsiegaDaoIDe2006,
  author =	 {Laozi},
  title =	 {Księga dao i~de z~komentarzami Wang Bi},
  publisher =	 {Wydawnictwo Uniwersytetu Jagiellońskiego},
  address =	 {Kraków},
  year =	 2006,
  edition =	 {I},
}










@Comment #############################################################
@Comment #############################################################
@Comment PHILOSOPHERS, BOOKS
@Comment #############################################################
@Comment #############################################################



@Comment #############################################################
@Comment ERIC VOEGELIN, BOOKS
@Comment #############################################################


@book{ VoegelinNowaNaukaPolityki1992,
  author =	 {Eric Voegelin},
  title =	 {Nowa nauka polityki},
  publisher =	 {Fundacja „Aletheia”},
  address =	 {Warszawa},
  year =	 1992,
  edition =	 {I},
}



@book{ VoegelinIzraelIObjawienie2014,
  author =	 {Eric Voegelin},
  title =	 {Izrael i~Objawienie},
  publisher =	 {Teologia Polityczna},
  address =	 {Warszawa},
  year =	 2014,
  edition =	 {I},
  series =	 {Ład i~Historia},
  volume =	 {I},
}










@Comment #############################################################
@Comment #############################################################
@Comment PHILOSOPHY AND RELIGIONS, BOOKS
@Comment #############################################################
@Comment #############################################################


@book{ BragueMadroscSwiata2021,
  author =	 {R{\'{e}}mi Brague},
  title =	 {Mądość świata. Historia ludzkiego doświadczenia
                  Wszechświata},
  publisher =	 {Teologia Polityczna},
  address =	 {Warszawa},
  year =	 2021,
  edition =	 {I},
  series =	 {Biblioteka Teologii Politycznej},
  volume =	 24,
  note =	 {Tłum. Agnieszka Kuryś},
}



@book{ BraguePrawoBoga2014,
  author =	 {R{\'{e}}mi Brague},
  title =	 {Prawo Boga. Filozoficzna historia przymierza},
  publisher =	 {Teologia Polityczna},
  address =	 {Warszawa},
  year =	 2014,
  edition =	 {I},
}










@Comment #############################################################
@Comment #############################################################
@Comment ETHICS, BOOKS
@Comment #############################################################
@Comment #############################################################


@book{ MacIntyreDziedzictwoCnoty1996,
  author =	 {Alasdair MacIntyre},
  title =	 {Dziedzictwo cnoty},
  publisher =	 {Wydawnictwo Naukowe~PWN},
  address =	 {Warszawa},
  year =	 1996,
  edition =	 {I},
  series =	 {Biblioteka Współczesnych Filozofów},
}



@book{ TaylorEtykaAutentycznosci2002,
  author =	 {Charles Taylor},
  title =	 {Etyka autentyczności},
  publisher =	 {Wydawnictwo Znak},
  address =	 {Kraków},
  year =	 2002,
  edition =	 {I},
}










@Comment #############################################################
@Comment #############################################################
@Comment AESTHETICS AND PHILOSOPHY OF ART, BOOKS
@Comment #############################################################
@Comment #############################################################










@Comment #############################################################
@Comment #############################################################
@Comment PHILOSOPHY, POLITICS AND HISTORY, BOOKS
@Comment #############################################################
@Comment #############################################################


@book{ ColeridgeOKonstytucjiKosciolaIPanstwa2017,
  author =	 {Samuel Taylor Coleridge},
  title =	 {O konstytucji Kościoła i~państwa. Wybór pism},
  publisher =	 {Ośrodek Myśli Politycznej},
  address =	 {Kraków},
  year =	 2017,
  edition =	 {I},
  series =	 {Biblioteka Myśli Politycznej},
  volume =	 122,
  note =	 {Tłum. Jakub Czernik},
}



@book{ MeierPowstaniePolitycznosciUGrekow2012,
  author =	 {Christian Meier},
  title =	 {Powstanie polityczności u~Greków},
  publisher =	 {Teologia Polityczna},
  address =	 {Warszawa},
  year =	 2012,
  edition =	 {I},
  series =	 {Biblioteka Teologi Politycznej},
  volume =	 7,
  note =	 {Tłum. Marek A.~Cichocki},
}










@Comment #############################################################
@Comment #############################################################
@Comment ANALITICAL PHILOSOPHY, BOOKS
@Comment #############################################################
@Comment #############################################################


@book{ AnscombeGeachTrzejFilozofowie1981,
  author =	 {Gertrud Elisabeth M. Anscombe and Peter Thomas Geach},
  title =	 {Trzej filozofowie},
  publisher =	 {Wydawnictwo PAX},
  address =	 {Warszawa},
  year =	 1981,
  edition =	 {I},
  note =	 {Tłum. Bohdan Chwedeńczuk},
}



@book{ GeachDoCzegoOdnoszaSieWyrazeniaOgolne2006,
  author =	 {Piotr Tomasz Geach},
  title =	 {Do~czego odnoszą~się wyrażenia ogólne?},
  publisher =	 {Wydawnictwo Naukowe Semper},
  address =	 {Warszawa},
  year =	 2006,
  edition =	 {I},
  note =	 {Tłum. Joanna Odrowąż-Sypniewska},
}



@book{ LukasiewiczLogikaIMetafizyka1998,
  author =	 {Jan Łukasiewicz},
  title =	 {Logika i~metafizyka. Miscellanea},
  publisher =	 {Wydział Filozofii i~Socjologii Uniwersytetu
		  Warszawskiego},
  address =	 {Warszawa},
  year =	 1998,
  edition =	 {I},
  note =	 {Pod~redakcją Jacka Juliusza Jadackiego},
}










@Comment #############################################################
@Comment #############################################################
@Comment PHILOSOPHY AND NATURAL SCIENCES, PHILOSOPHIZING
@Comment SCIENTISTS, BOOKS
@Comment #############################################################
@Comment #############################################################


@book{ HellerZycinskiMaszynaCzyMysl1988,
  author =	 {Michał Heller and Józef Życiński},
  title =	 {Wszechświat~-- maszyna czy~myśl?},
  publisher =	 {Polskie Towarzystwo Teologiczne},
  address =	 {Kraków},
  year =	 1988,
  edition =	 {I},
  note =	 {Współautorzy: Małgorzata Głódź, Jeszy Szczęsny,
                  Jacek Urbaniec},
}



@book{ HellerZycinskiMaszynaCzyMysl2014,
  author =	 {Michał Heller and Józef Życiński},
  title =	 {Wszechświat~-- maszyna czy~myśl?},
  publisher =	 {Polskie Towarzystwo Teologiczne},
  address =	 {Kraków},
  year =	 2014,
  edition =	 {Wydanie drugie, poprawione i~poszerzone},
  note =	 {Współautorzy: Tadeusz Pabjan, Małgorzata Głódź,
                  Jeszy Szczęsny, Jacek Urbaniec},
}



@book{ MurawskiFilozofiaMatematykiZarysDziejow1995,
  author =	 {Robert Murawski},
  title =	 {Filozofia matematyki. Zarys dziejów},
  publisher =	 {Wydawnictwo Naukowe~PWN},
  address =	 {Warszawa},
  year =	 1995,
  edition =	 {I},
}



@book{ PenroseModaWiaraIFantazja2017,
  author =	 {Roger Penrose},
  title =	 {Moda, wiara i~fantazja w~nowej fizyce
		  Wszechświata},
  publisher =	 {Copernicus Center Press},
  address =	 {Kraków},
  year =	 2017,
  edition =	 {I},
  note =	 {Tłum. Łukasz Łamża i~Tomasz Miller},
}



@book{ WhiteheadNaukaISwiatNowozytny1987,
  author =	 {Alfred North Whitehead},
  title =	 {Nauka i~świat nowożytny},
  publisher =	 {Wydawnictwo ZNAK},
  address =	 {Kraków},
  year =	 1987,
  edition =	 {I},
}










@Comment #############################################################
@Comment PHILOSOPHY IN XX CENTURY, BOOKS
@Comment #############################################################


@book{ SuitsKonikPolny2016,
  author =	 {Bernard Suits},
  title =	 {Konik Polny. Gry, życie i~utopia},
  publisher =	 {Wydawnictwo Aletheia},
  address =	 {Warszawa},
  year =	 2016,
  edition =	 {I},
  note =	 {Przełożył i~wstępem opatrzył Filip Kobiela},
}










@Comment #############################################################
@Comment #############################################################
@Comment CHINA'S PHILOSOPHY AND THOUGHT, BOOKS
@Comment #############################################################
@Comment #############################################################


@Comment #############################################################
@Comment CONFUCIAN SCHOOL, BOOKS
@comment #############################################################


@book{ KonfucjuszAnalekta2018,
  author =	 {Konfucjusz},
  title =	 {Analekta},
  publisher =	 {Wydawnictwo Uniwersytetu Warszawskiego},
  address =	 {Warszawa},
  year =	 2018,
  edition =	 {I},
  series =	 {Confuciana},
  note =	 {Tłumaczenie i~opracowanie Katarzyna Pejda},
}










@Comment #############################################################
@Comment #############################################################
@Comment JAPANE'S PHILOSOPHY AND THOUGHT, BOOKS
@Comment #############################################################
@Comment #############################################################


@book{ BlockerStarlingFilozofiaJaponska2008,
  author =	 {H. Gene Blocek and Christopher L. Straling},
  title =	 {Filozofia japońska},
  publisher =	 {Wydawnictwo Uniwersytetu Jagiellońskiego},
  address =	 {Kraków},
  year =	 2008,
  edition =	 {I},
  series =	 {Ex Oriente},
  note =	 {Tłum. Natalia Szuster},
}










@Comment #############################################################
@Comment #############################################################
@Comment PHILOSOPHY AND NATURAL WORLD, BOOKS
@Comment #############################################################
@Comment #############################################################


@book{ ScrutonZielonaFilozofia2017,
  author =	 {Roger Scruton},
  title =	 {Zielona filozofia. Jak poważnie myśleć o~naszej
                  planecie},
  publisher =	 {Zysk i~S-ka},
  address =	 {Poznań},
  year =	 2017,
  edition =	 {I},
  note =	 {Przekład Justyna Grzegorczyk, Rafał Paweł
                  Wierzchosławski},
}










@Comment #############################################################
@Comment #############################################################
@Comment PHILOSOPHICAL MONOGRAPHIES, BOOKS
@Comment #############################################################
@Comment #############################################################


@book{ TatarkiewiczOSzczesciu1962,
  author =	 {Władysław Tatarkiewicz},
  title =	 {O~szczęsciu},
  publisher =	 {Państwowe Wydawnictwo Naukowe},
  address =	 {Warszawa},
  year =	 1962,
  edition =	 {Wydanie szóste, przejrzane i poprawione},
}










@Comment #############################################################
@Comment #############################################################
@Comment ANALYSIS OF PHILOSOPHIES, CIVILISATIONS AND CULTURES, BOOKS
@Comment #############################################################
@Comment #############################################################


@book{ CoplestonFilozofieIKultury1986,
  author =	 {Frederick Copleston S.J.},
  title =	 {Filozofie i~kultur},
  publisher =	 {Instytut Wydawniczy PAX},
  address =	 {Warszawa},
  year =	 1986,
  edition =	 {I},
}



@book{ KoselleckKrytykaIKryzys2015,
  author =	 {Reinhart Koselleck},
  title =	 {Krytyka i~kryzys. Studium patogenezy świata
		  mieszczańskiego},
  publisher =	 {Res Publica Nowa},
  address =	 {Warszawa},
  year =	 2015,
  edition =	 {I},
  series =	 {Bibliotek Res Publiki Nowej},
  note =	 {Przekład, wstęp i~opracowanie: Jakub Duraj, Marcin
		  Moskalewicz},
}



@book{ MaritainRefleksjeOAmeryce2018,
  author =	 {Jacques Maritain},
  title =	 {Reflekcje o~Ameryce},
  publisher =	 {Wydawnictwo Naukowe Uniwerystetu Kardynała Stefana
		  Wyszyńskiego},
  address =	 {Warszawa},
  year =	 2018,
  edition =	 {I},
  note =	 {Przełożył i~opracował Dariusz Góra-Szopińska},
}



@book{ NakamuraSystemyMysleniaLudowWschodu2005,
  author =	 {Hajime Nakamura},
  title =	 {Systemy myślenia ludów Wschodu. Indie, Chiny, Tybet,
		  Japonia},
  publisher =	 {Wydawnictwo Uniwersytetu Jagiellońskiego},
  address =	 {Kraków},
  year =	 2005,
  edition =	 {I},
  note =	 {Pod redakcją Philipa P.~Wienera. Tłum.~Maciej
		  Kanert, Wisława Szkudlarczyk-Brkić},
  series =	 {Ex Oriente},
}



@book{ ScrutonIntelektualisciNowejLewicy1999,
  author =	 {Roger Scruton},
  title =	 {Intelektualiści nowej lewicy},
  publisher =	 {Zysk i~S-ka},
  address =	 {Poznań},
  year =	 1999,
  edition =	 {II},
  note =	 {Tłum. Teresa Pisarek},
}










@Comment #############################################################
@Comment #############################################################
@Comment HISTORY OF PHILOSOPHY, BOOKS
@Comment #############################################################
@Comment #############################################################


@book{ CoplestonHistoriaFilozofiiTomI2004,
  author =	 {Frederick Copleston S.J.},
  title =	 {Historia filozofii. Tom~I: Grecja i~Rzym},
  publisher =	 {Instytut Wydawniczy PAX},
  address =	 {Warszawa},
  year =	 2004,
  edition =	 {II},
  volume =	 {I},
}



@book{ KolakowskiFilozofiaPozytywistyczna2009,
  author =	 {Leszek Kołakowski},
  title =	 {Filozofia pozytywistyczna},
  publisher =	 {Wydawnictwo Naukowe~PWN},
  address =	 {Warszawa},
  year =	 2009,
  edition =	 {IV},
}



@book{ KolakowskiOCoNasPytajaTomI2004,
  author =	 {Leszek Kołakowski},
  title =	 {O co nas pytają wielcy filozofowie. Seria~I},
  publisher =	 {Wydawnictwo Znak},
  address =	 {Kraków},
  year =	 2004,
  edition =	 {I},
}



@book{ KolakowskiOCoNasPytajaTomII2005,
  author =	 {Leszek Kołakowski},
  title =	 {O~co nas pytają wielcy filozofowie. Seria~II},
  publisher =	 {Wydawnictwo Znak},
  address =	 {Kraków},
  year =	 2005,
  edition =	 {I},
}



@book{ KolakowskiOCoNasPytajaTomIII2008,
  author =	 {Leszek Kołakowski},
  title =	 {O~co nas pytają wielcy filozofowie. Seria~III},
  publisher =	 {Wydawnictwo Znak},
  address =	 {Kraków},
  year =	 2008,
  edition =	 {I --~dodruk},
}



@book{ TatarkiewiczHistoriaFilozofiiTomIII2005,
  author =	 {Władysław Tatarkiewicz},
  title =	 {Historia filozofii. Tom~III: Filozofia XIX wieku
                  i~współczesna},
  publisher =	 {Wydawnictwo Naukowe~PWN},
  address =	 {Warszawa},
  year =	 2005,
  edition =	 {XIX},
  volume =	 {III},
}










@Comment #############################################################
@Comment #############################################################
@Comment PHILOSOPHY OF TECHNOLOGY, BOOKS
@Comment #############################################################
@Comment #############################################################


@book{ FalkowskiOMaszynachTomI2014,
  author =	 {Mateusz Falkowski},
  title =	 {O~maszynach. Tom 1: Wiek XVII a~filozofia
		  techniczna},
  publisher =	 {Wydawnictwo Naukowe PWN},
  address =	 {Warszawa},
  year =	 2014,
  edition =	 {I},
}










@Comment #############################################################
@Comment PHILOSOPHY AND OTHER DISCIPLINES
@Comment #############################################################










@Comment #############################################################
@Comment #############################################################
@Comment PHILOSOPHY HANDBOOKS, BOOKS
@Comment #############################################################
@Comment #############################################################


@book{ SchaffGlowneZagadnieniaIKierunkiFilozofiiTomITeoriaPoznania1962,
  author =	 {Adam Schaff},
  title =	 {Główne zagadnienia i~kierunki filozofii. Część I:
                  Teoria poznania},
  publisher =	 {Państwowe Wydawnictwo Naukowe},
  address =	 {Warszawa},
  year =	 1962,
  edition =	 {IV},
  series =	 {Wykłady na~Uniwersytecie Warszawskim 1957-1958},
}










@Comment #############################################################
@Comment #############################################################
@Comment VARIOUS PHILOSOPHICAL WORKS, BOOKS
@Comment #############################################################
@Comment #############################################################


@book{ PlessnerSmiechIPlacz2004,
  author =	 {Helmuth Plessner},
  title =	 {Śmiech i~płacz. Badania nad~granicami ludzkiego
                  zachowania},
  publisher =	 {Wydawnictwo Antyk},
  address =	 {Kęty},
  year =	 2004,
  edition =	 {I},
  note =	 {Przełożyli i~opracowali Agata Zwolińska, Zbigniew
                  Nerczuk},
  series =	 {FUNDAMENTA. Studia z~historii filozofii},
  volume =	 {XXXV},
}



@book{ TaylorEtykaAutentycznosci02,
  author =	 {Charles Taylor},
  title =	 {Etyka autentyczności},
  publisher =	 {Wydawnictwo Znak},
  address =	 {Kraków},
  year =	 2002,
  edition =	 {I},
}










@Comment #############################################################
@Comment #############################################################
@Comment OVERSIMPLIFIED WORKS ON PHILOSOPHY, BOOKS
@Comment #############################################################
@Comment #############################################################


@book{ JedynakUZrodelFilozofii1981,
  author =	 {Stanisław Jedynak},
  title =	 {U~źródeł filozofii. Egipt, Babilon, Indie, Chiny,
		  Grecja},
  publisher =	 {Nasza Księgarnia},
  address =	 {Warszawa},
  year =	 1981,
  edition =	 {I},
}
