@Comment #############################################################
@Comment #############################################################
@Comment ECONOMICS, ARTICLES
@Comment #############################################################
@Comment #############################################################



@Comment #############################################################
@Comment AUSTRIAN SCHOOL OF ECONOMICS
@Comment #############################################################


@article{ Rothbard-In-Defense-of-Extreme-Apriorism-1956,
  author =	 {Murray N. Rothbard},
  title =	 {In~Defense of "Extreme Apriorism"},
  journal =	 {Southern Economic Journal},
  year =	 1957,
  volume =	 23,
  number =	 3,
  monty =	 01,
  pages =	 {314--320},
  doi =		 {https://doi.org/10.2307/1054221},
}










@Comment ###############################
@Comment THE REVIEW OF AUSTRIAN ECONOMICS JOURNUAL
@Comment ###############################


@article{ Hoppe-In-Defense-of-Extreme-Rationalism-1989,
  author =	 {Hans-Hermann Hoppe},
  title =	 {In Defense of Extreme Rationalism: Thoughts on
                  Donald McClosky's The Rhetoric of Economics},
  journal =	 {The Review of Austrian Economics},
  year =	 1989,
  volume =	 3,
  pages =	 {179--214},
}



@article{ Rothbard-The-Hermeneutical-Invasion-of-ETC-1989,
  author =	 {Murray N. Rothbard},
  title =	 {The Hermeneutical Invasion of Philosophy and
                  Economics},
  journal =	 {The Review of Austrian Economics},
  year =	 1989,
  volume =	 3,
  number =	 1,
  pages =	 {45--60},
}










@Comment ###############################
@Comment THE QUARTERLY JOURNAL OF AUSTRIAN ECONOMICS JOURNUAL
@Comment ###############################


@article{ Kimball-The-Gold-Standard-in-Contemporary-ETC-2005,
  author =	 {James Kimball},
  title =	 {The Gold Standard in Contemporary Economics
                  Principles Textbooks: A~Surver},
  journal =	 {The Quarterly Journal of Austrian Economics},
  year =	 2005,
  volume =	 8,
  number =	 3,
  pages =	 {59--80},
}



@article{ Long-Realism-and-Abstraction-in-Economics-ETC-2006,
  author =	 {Roderick T. Long},
  title =	 {Realism and Abstraction in Economics: Aristotle and
                  Mises versus Friedman},
  journal =	 {The Quarterly Journal of Austrian Economics},
  year =	 2006,
  volume =	 9,
  number =	 3,
  pages =	 {3--23},
}



@article{ Ritenour-Post-Modern-Economics-ETC-2000,
  author =	 {Shaw Ritenour},
  title =	 {\textit{Post-Modern Economics: The Return of
                  Depression Economisc}. By Paul Krugman. New York:
                  W.W. Norton and company, 1999},
  journal =	 {The Quarterly Journal of Austrian Economics},
  year =	 2000,
  volume =	 3,
  number =	 1,
  pages =	 {79--83},
  doi =		 {https://doi.org/10.1007/s12113-000-1015-3},
}



@article{ Ritenour-Samuelson-and-Rothbard-ETC-2005,
  author =	 {Shaw Ritenour},
  title =	 {Samuelson and Rothbard: Two Texts and Two Legacies},
  journal =	 {The Quarterly Journal of Austrian Economics},
  year =	 2005,
  volume =	 8,
  number =	 2,
  pages =	 {71--94},
}



@article{ Salerno-The-Place-of-Human-Action-ETC-1999,
  author =	 {Joseph T. Salerno},
  title =	 {The Place~of \textit{Human Action} in
                  the~Development~of Moern Economic Thought},
  journal =	 {The Quarterly Journal of Austrian Economics},
  year =	 2002,
  volume =	 2,
  number =	 1,
  pages =	 {35--65},
}



@article{ Salerno-The-Rebirth-of-Austrian-Economics-ETC-2002,
  author =	 {Joseph T. Salerno},
  title =	 {The~Rebirth~of Austrain Economics -- In~Light of
                  Austrian Economica},
  journal =	 {The Quarterly Journal of Austrian Economics},
  year =	 2002,
  volume =	 5,
  number =	 4,
  pages =	 {111--28},
}



@article{ Salerno-A-Reformulation-of-Austrain-Business-CycleETC-2012,
  author =	 {Joseph T. Salerno},
  title =	 {A Reformulation of Austrian Business Cycle Theory in
                  Light of the Financial Crisis},
  journal =	 {The Quarterly Journal of Austrian Economics},
  year =	 2012,
  volume =	 15,
  number =	 1,
  pages =	 {3--44},
}



@article{ Thornton-Apoplithorismosphobia-2003,
  author =	 {Mark Thornton},
  title =	 {Apoplithorismosphobia},
  journal =	 {The Quarterly Journal of Austrian Economics},
  year =	 2003,
  volume =	 8,
  number =	 4,
  pages =	 {5--18},
}
