@Comment #############################################################
@Comment #############################################################
@Comment ECONOMICS, BOOKS
@Comment #############################################################
@Comment #############################################################


@book{ Varoufakis-Globalny-Minotaur-Pub-2015,
  author =	 {Yanis Varoufakis},
  title =	 {Globalny Minotaur. Ameryka, Europa i~przyszłość
                  światowej gospodarki},
  publisher =	 {Wydawnictwo Naukowe PWN~SA},
  address =	 {Warszawa},
  year =	 2015,
  edition =	 {I},
  note =	 {Tłum. Joanna Bednarek},
}










@Comment #############################################################
@Comment AUSTRIANS SCHOOL OF ECONOMICS
@Comment #############################################################


@book{ Holcombe-Austriacka-szkola-ekonomii-ETC-Pub-2015,
  author =	 {Randall G. Holcombe},
  title =	 {Ausriacka Szkoła Ekonomii~-- rozszerzone
                  wprowadzenie},
  publisher =	 {Fijorr Publishing},
  address =	 {Warszawa},
  year =	 2015,
  edition =	 {I},
  note =	 {Przekład: Bogusz Pawiński},
}



@book{ Hulsmann-Etyka-produkcji-pieniadza-Pub-2014,
  author =	 {J{\"{o}}rg Guido H{\"{u}}lsmann},
  title =	 {Etyka produkcji pieniądza},
  publisher =	 {Instytut Ludwiga von~Misesa},
  address =	 {Warszawa},
  year =	 2014,
  edition =	 {I},
  series =	 {Pod Prąd Głównego Nurtu Ekonomii},
  note =	 {Tłumaczenie: Paweł Kot},
}



@book{ Mises-Human-Action-Pub-1999,
  author =	 {Ludwig von~Mises},
  title =	 {Human Action: A~Treatise on Economics. The~Scholar's
                  Editon},
  publisher =	 {Ludwig von~Mises Institute},
  address =	 {Auburn, Alabama},
  year =	 1999,
}



@book{ Mises-Teoria-pieniadza-i-kredytu-Pub-2016,
  author =	 {Ludwig von~Mises},
  title =	 {Teoria pieniądza i~kredytu},
  publisher =	 {Fijorr Publishing},
  address =	 {Warszawa},
  year =	 2016,
  edition =	 {II},
  note =	 {Przekład: Krzystof Śledziński},
}



@book{ Rothbard-Man-economy-and-state-with-power-and-market-Pub-2009,
  author =	 {Murray N. Rothbard},
  title =	 {Man, Economy, and State: A~Treatise on Economic
                  Principles. Power and Market: Goverment and the
                  Economy. Scholar's Edition},
  publisher =	 {Ludwig von Mises Institute},
  address =	 {Auburn, Alabama},
  year =	 2009,
  edition =	 {Second edition},
}



@book{ Rothbard-Zloto-banki-ludzie-2016,
  author =	 {Murray N. Rothbard},
  title =	 {Złoto, banki, ludzie. Krótka historia pieniądza},
  publisher =	 {Fijorr Publishing},
  address =	 {Warszawa},
  year =	 2016,
  edition =	 {III},
  note =	 {Tłum. Witold Falkowski},
}
