@Comment #############################################################
@Comment #############################################################
@Comment ENGINEERING SCIENCE, BOOKS
@Comment #############################################################
@Comment #############################################################


@book{ Kwiecien-Gaj-Stefan-Wegrzyn-In-Memoriam-Pub-2012,
  editor =	 {Andrzej Kwiecień and~Piotr Gaj},
  title =	 {Stefan Węgrzyn In~Memoriam},
  publisher =	 {Silesian University~of Technology Press},
  address =	 {Gliwice},
  year =	 2012,
  edition =	 {I},
}



@book{ WegrzynPodstawyAutomatyki1980,
  author =	 {Stefan Węgrzyn},
  title =	 {Podstawy automatyki},
  publisher =	 {Państwowe Wydawnictwo Naukowe},
  address =	 {Warszawa},
  year =	 1980,
  edition =	 {V},
}
