@article{ ,
  author =	 {Roderick T. Long},
  title =	 {Realism and Abstraction in Economics: Aristotle and
                  Mises versus Friedman},
  journal =	 {The Quarterly Journal of Austrian Economics},
  year =	 2006,
  volume =	 9,
  number =	 3,
  pages =	 {3--23},
  doi =		 {https://doi.org/10.1007/s12113-000-1015-3},
}
