@Comment #############################################################
@Comment #############################################################
@Comment History, articles
@Comment #############################################################
@Comment #############################################################



@Comment #############################################################
@Comment Biographies
@Comment #############################################################


@article{ Ball-James-The-Scientific-Life-ETC-2002,
  author =	 {J.M. Ball and R.D. James},
  title =	 {The~Scientifi Life and Influence~of Clifford Ambrose
                  Truesdell~III},
  journal =	 {Arch. Rational Mech. Anal.},
  year =	 2002,
  volume =	 161,
  pages =	 {1--26},
  doi =		 {10.1007/s002050100178},
}










@Comment #############################################################
@Comment History of Poland
@Comment #############################################################



@Comment ###############################
@Comment Journal: Polska 1944/45-1989. Studia i materiały
@Comment ###############################


@article{ Przeperski-Anatomia-kreacji-ETC-2020,
  author =	 {Michał Przeperski},
  title =	 {Anatomia kreacji. Przypadek \textit{Dzienników
                  politycznych} Mieczysława Rakowskiego},
  journal =	 {Polska 1944/45-1989. Studia i~materiały},
  year =	 2020,
  volume =	 {XVII},
  pages =	 {223--254},
}










@Comment #############################################################
@Comment Journal: Zeszysty Naukowe Uniwersytetu Jagiellońskiego
@Comment Prace Historyczne
@Comment #############################################################


@article{ Czarnecki-Waclaw-Jedrzejewicz-jako-ETC-2018,
  author =	 {Łukasz Czarnecki},
  title =	 {Wacław Jędrzejewicz jako attaché wojskowy
                  i~kierownik polskiego poseltwa w~Tokio w~latach
                  1925--1928},
  journal =	 {Zeszysty Naukowe Uniwersytetu Jagiellońskiego. Prace
                  Historyczne},
  year =	 2018,
  volume =	 145,
  issue =	 1,
  pages =	 {85--101},
  doi =		 {https://doi.org/10.4467/20844069PH.18.005.7567},
}










@Comment #############################################################
@Comment History of science
@Comment #############################################################


@Comment ###############################
@Comment History of cybernetics
@Comment ###############################


@article{ Hamilton-The-Charismatic-Cultural-Life-of-ETC-2017,
  author =	 {Sheryl N. Hamilton},
  title =	 {The Charismatic Cultural Life of Cybernetics:
                  Reading Norbert Wiener as~Visible Scientist},
  journal =	 {Canadian Journal of Communication},
  year =	 2017,
  volume =	 42,
  issue =	 3,
  pages =	 {407--430},
  doi =		 {10.22230/cjc.2017v42n3a3205},
}










@Comment ###############################
@Comment History of physics
@Comment ###############################


@online{ tHooft-The-Evoluction-of-Quantum-Field-Theory-2015,
  author =	 {Gerard 't Hooft},
  title =	 {The~Evolution~of Quantum Field Theory. From QED to
                  Grand Unification},
  year =	 2015,
  archivePrefix ={arXiv},
  eprint =	 {1503.05007},
  primaryClass = {hep-th},
  note =	 {Work pulished on ArXiv.},
}










@Comment #############################################################
@Comment Reviews
@Comment #############################################################


@article{ Matuszewski-Uruszczak-O-symulowanej-nauce-ETC-2017,
  author =	 {Jacek Matuszewski and Wacław Uruszczak},
  title =	 {O~symulowanej nauce, czyli o~niekompetentnej,
                  nieudolnej i~nieudanej rekonceptualizacji
                  społecznej, kulturowej, gospodarczej i~politycznej
                  I~Rzeczpospolitej, nierzetelnym postępowaniu
                  habilitacyjnym i~groźnym pomruku metodologicznym
                  \'{a} la Otwock},
  journal =	 {Zeszysty Prawnicze},
  year =	 2017,
  volume =	 17,
  issue =	 1,
  pages =	 {177--223},
}