@Comment #############################################################
@Comment #############################################################
@Comment #############################################################
@Comment HISTORY, ARTICLES
@Comment #############################################################
@Comment #############################################################
@Comment #############################################################



@Comment #############################################################
@Comment #############################################################
@Comment BIOGRAPHIES
@Comment #############################################################
@Comment #############################################################


@article{ BallJamesTheScientificLifeETC2002,
  author =	 {J.M. Ball and R.D. James},
  title =	 {The~Scientifi Life and Influence~of Clifford Ambrose
                  Truesdell~III},
  journal =	 {Arch. Rational Mech. Anal.},
  year =	 2002,
  volume =	 161,
  pages =	 {1--26},
  doi =		 {10.1007/s002050100178},
}



@Comment #############################################################
@Comment #############################################################
@Comment HISTORY OF SCIENCE
@Comment #############################################################
@Comment #############################################################


@Comment #############################################################
@Comment HISTORY OF PHYSICS
@Comment #############################################################


@article{ tHooftTheEvoluctionOfQuantumFieldTheory2015,
  author =	 {Gerard 't Hooft},
  title =	 {The~Evolution~of Quantum Field Theory. From QED to
                  Grand Unification},
  journal =	 {{}},
  year =	 2015,
  archivePrefix ={arXiv},
  eprint =	 {1503.05007v1},
  primaryClass = {hep-th},
}










@Comment #############################################################
@Comment #############################################################
@Comment POLSKA 1944/45-1989. STUDIA I MATERIAŁY
@Comment #############################################################
@Comment #############################################################


@article{ PrzeperskiAnatomiaKreacjiETC2020,
  author =	 {Michał Przeperski},
  title =	 {Anatomia kreacji. Przypadek \textit{Dzienników
                  politycznych} Mieczysława Rakowskiego},
  journal =	 {Polska 1944/45-1989. Studia i~materiały},
  year =	 2020,
  volume =	 {XVII},
  pages =	 {223--254},
}
