@Comment #############################################################
@Comment #############################################################
@Comment HISTORY OF THE HOLY FAITH, BOOKS
@Comment #############################################################
@Comment #############################################################



@Comment #############################################################
@Comment HISTORY OF THE HOLY FAITH IN FIRST CENTURY BEFORE AND AFTER CHRIST
@Comment #############################################################


@book{ Roszkowski-Swiat-Chrystus-Vol-I-Pub-2016,
  author =	 {Wojciech Roszkowski},
  title =	 {Świat Chrystusa. Tom~I},
  publisher =	 {Wydawnictwo Biały Kruk},
  address =	 {Kraków},
  year =	 2016,
  edition =	 {I},
}










@Comment #############################################################
@Comment HISTORY OF THE HOLY FAITH IN VI AND VII CENTURY AFTER CHRIST
@Comment #############################################################

@book{ Czarnecki-Konstantynopol-626-Pub-2017,
  author =	 {Łukasz Czarnecki},
  title =	 {Konstantynopol~626},
  publisher =	 {Bellona},
  address =	 {Warszawa},
  year =	 2017,
  edition =	 {I},
}










@Comment #############################################################
@Comment HISTORY OF THE HOLY FAITH IN XX AND XXI CENTURY AFTER CHRIST
@Comment #############################################################


@book{ Guerriero-Impagliazzo-Najnowsza-historia-Kosciola-ETC-Pub-2006,
  editor =	 {E. Guerriero and M. Impagliazzo},
  title =	 {Najnowsza historia Kościoła. Katolicy i~kościoły
                  chrześcijańskie w~czasie pontyfikatu Jana Pawła~II
                  (1978--2005)},
  publisher =	 {Wydawnictwo M},
  address =	 {Kraków},
  year =	 2006,
  edition =	 {I},
}



@book{ Jones-Rebelia-Pub-2019,
  author =	 {E.~Michael Jones},
  title =	 {Rebelia. Kościół Katolicki i~kulturowa rewolucja},
  publisher =	 {Wydawnictwo Wektory},
  address =	 {Wrocław},
  year =	 2019,
  edition =	 {I},
  note =	 {Tłum. Jan Przybył},
}



@book{ Kratiuk-Zmienic-Kosciol-Pub-2019,
  author =	 {Krystian Kratiuk},
  title =	 {Zmienić Kościół. Synod młodych i papieża Franciszka},
  publisher =	 {PROHIBITA},
  address =	 {Warszawa},
  year =	 2019,
  edition =	 {I},
}










@Comment ###############################
@Comment HISTORY OF THE SECOND VATIVAN COUNCIL
@Comment ###############################


@book{ OMalley-Co-sie-wydarzylo-podczas-Soboru-ETC-Pub-2011,
  author =	 {J. W. O'Malley SJ},
  title =	 {Co się wydarzyło podczas Soboru Watykańskiego
                  Drugiego?},
  publisher =	 {WAM},
  year =	 2011,
  edition =	 {I},
}



@book{ Wiltgen-Ren-wpada-do-Tybru-Pub-2010,
  author =	 {Ralph W. Wiltgen},
  title =	 {Ren wpada do~Tybru. Historia Soboru
                  Watykańskiego~II},
  publisher =	 {Wydawnictwo AA s.c.},
  address =	 {Dębogóra},
  year =	 2010,
  edition =	 {I},
}










@Comment #############################################################
@Comment HISTORY OF THE HOLY FAITH IN POLAND
@Comment #############################################################


@book{ Butterwick-Polska-Rewolucja-a-Kosciol-Katolicki-Pub-2012,
  author =	 {Richard Butterwick},
  title =	 {Polska Rewolucja a~Kościół Katolicki 1788--1792},
  publisher =	 {Wydawnictwo ARCANA},
  address =	 {Kraków},
  year =	 2012,
  edition =	 {I},
}



@book{ Ozog-Korona-i-Krzyz-Pub-2012,
  author =	 {Krzysztof Ożóg},
  title =	 {Korona i~Krzyż. Czasy Piastów i~Jagiellonów},
  publisher =	 {Wydawnictwo Biały Kruk},
  address =	 {Kraków},
  year =	 2012,
  edition =	 {I},
  series =	 {Kościół na~straży polskiej wolności},
  volume =	 {I},
}










@Comment #############################################################
@Comment SYNTHESIS OF HISTORY OF THE HOLY FAITH
@Comment #############################################################


@book{ Carroll-Historia-Chrzecijanstwa-Vol-I-Pub-2009,
  author =	 {Warren H. Carroll},
  title =	 {Historia Chrześcijaństwa. Tom~I: Narodziny
		  Chrześcijaństwa},
  publisher =	 {Wydawnictwo Wektory},
  address =	 {Bielany Wrocławskie},
  year =	 2009,
  edition =	 {I},
  note =	 {Tłum. Jerzy Morka},
}



@book{ Carroll-Historia-Chrzecijanstwa-Vol-II-Pub-2010,
  author =	 {Warren H. Carroll},
  title =	 {Historia Chrześcijaństwa. Tom~II: Budowanie
                  Chrześcijaństwa},
  publisher =	 {Wydawnictwo Wektory},
  address =	 {Bielany Wrocławskie},
  year =	 2010,
  edition =	 {I},
  note =	 {Tłum. Jan Przybył},
}



@book{ Carroll-Historia-Chrzecijanstwa-Vol-III-Pub-2010,
  author =	 {Warren H. Carroll},
  title =	 {Historia Chrześcijaństwa. Tom~III: Złota Epoka
                  Chrześcijaństwa},
  publisher =	 {Wydawnictwo Wektory},
  address =	 {Bielany Wrocławskie},
  year =	 2010,
  edition =	 {I},
  note =	 {Tłum. Jerzy Morka},
}



@book{ Carroll-Historia-Chrzecijanstwa-Vol-IV-Pub-2011,
  author =	 {Warren H. Carroll},
  title =	 {Historia Chrześcijaństwa. Tom~IV: Podział
		  Chrześcijaństwa},
  publisher =	 {Wydawnictwo Wektory},
  address =	 {Bielany Wrocławskie},
  year =	 2011,
  edition =	 {I},
  note =	 {Tłum. Jerzy Morka},
}



@book{ Carroll-Carroll-Historia-Chrzecijanstwa-Vol-VI-Pub-2014,
  author =	 {Warren H. Carroll and Anne W. Carroll},
  title =	 {Historia Chrześcijaństwa. Tom~VI: Kryzys
		  Chrześcijaństwa},
  publisher =	 {Wydawnictwo Wektory},
  address =	 {Bielany Wrocławskie},
  year =	 2014,
  edition =	 {I},
  note =	 {Tłum. Jerzy Morka},
}



@book{ Kumor-Historia-Kosciola-Vol-I-Pub-2003,
  author =	 {Ks. Bolesław Kumor},
  title =	 {Historia Kościoła. Tom~I: Starożytność
		  chrześcijaństwa},
  publisher =	 {Wydawnictwo KUL},
  address =	 {Lublin},
  year =	 2003,
  edition =	 {II},
}
