@Comment #############################################################
@Comment #############################################################
@Comment #############################################################
@Comment HISTORY OF PHYSICS, ARTICLES
@Comment #############################################################
@Comment #############################################################
@Comment #############################################################



@article{ BertoneHooperHistoryOfDarkMatter2018,
  author =	 {Gianfranco Bertone and Dan Hooper},
  title =	 {History of dark matter},
  journal =	 {Rev. Mod. Phys.},
  year =	 2018,
  month =	 {Oct},
  volume =	 90,
  issue =	 4,
  pages =	 045002,
  numpages =	 32,
  publisher =	 {American Physical Society},
  doi =		 {10.1103/RevModPhys.90.045002},
  url =
                  {https://link.aps.org/doi/10.1103/RevModPhys.90.045002},
  archivePrefix ={arXiv},
  eprint =	 {arXiv:1605.04909},
  primaryClass = {astro-ph.CO},
}
