@Comment #############################################################
@Comment #############################################################
@Comment HISTORY OF MATHEMATICS, ARTICLES
@Comment #############################################################
@Comment #############################################################


@Comment #############################################################
@Comment BIOGRAPHIES OF MATHEMATICANS
@Comment #############################################################


@article{ Krajewski-Andrzej-Grzegorczyk-1922-2014-Pub-2014,
  author =	 {Stanis≈Çaw Krajweski},
  title =	 {Andrzej Grzegorczyk (1922--2014)},
  journal =	 {Wiad. Mat.},
  year =	 2014,
  volume =	 50,
  issue =	 1,
  pages =	 {171--173},
  publisher =	 {Polskie Towarzystwo Matematyczne},
}