@Comment #############################################################
@Comment #############################################################
@Comment HISTORY OF MATHEMATICS, ARTICLES
@Comment #############################################################
@Comment #############################################################


@Comment #############################################################
@Comment BIOGRAPHIES OF MATHEMATICANS
@Comment #############################################################


@article{ Krajewski-Andrzej-Grzegorczyk-1922-2014-Pub-2014,
  author =	 {Stanis≈Çaw Krajweski},
  title =	 {Andrzej Grzegorczyk (1922--2014)},
  journal =	 {Wiad. Mat.},
  year =	 2014,
  volume =	 50,
  issue =	 1,
  pages =	 {171--173},
  publisher =	 {Polskie Towarzystwo Matematyczne},
}










@Comment #############################################################
@Comment HISTORY AND PHILOSOPHY OF MATHEMATICS
@Comment #############################################################


@article{ Borovik-Katz-Who-Gave-you-the-Cauchy-Weierstrass-Tale-2012,
  author =	 {Alexandre Borovik and Mikhail G. Katz},
  title =	 {Who Gave you the~Cauchy-Weierstrass Tale? The~Dual
                  History~of Rigorous Calculus},
  journal =	 {Foundations of Science},
  year =	 2012,
  volume =	 17,
  issue =	 3,
  pages =	 {245--276},
  doi =		 {10.1007/s10699-011-9235-x},
  archivePrefix ={arXiv},
  eprint =	 {1108.2885v3},
  primaryClass = {math.HO},
}



@article{ Kutateladze-Sobolev-and-Schwartz-two-fates-and-two-fames-2008,
  author =	 {S.S. Kutateladze},
  title =	 {Sobolev and Schwartz: Two Fates and Two Fames},
  journal =	 {{}},
  year =	 2008,
  archivePrefix ={arXiv},
  eprint =	 {0802.0533v4},
  primaryClass = {math.HO},
}