@Comment #############################################################
@Comment #############################################################
@Comment HISTORY, BOOKS
@Comment #############################################################
@Comment #############################################################



@Comment #############################################################
@Comment I WORLD WAR
@Comment #############################################################


@book{ Gilbert-I-Wojna-Swiatowa-Pub-2003,
  author =	 {Martin Gilbert},
  title =	 {Pierwsza wojna światowa},
  publisher =	 {Zysk i~S-ka},
  address =	 {Poznań},
  year =	 2003,
  edition =	 {I},
}










@Comment #############################################################
@Comment II WORLD WAR
@Comment #############################################################










@Comment #############################################################
@Comment BIOGRAPHIES
@Comment #############################################################


@book{ Gessen-Putin-Czlowiek-bez-twarzy-Pub-2012,
  author =	 {Masha Gessen},
  title =	 {Putin. Człowiek bez twarzy},
  publisher =	 {Prószyński i~S-ka},
  address =	 {Warszawa},
  year =	 2012,
  edition =	 {I},
}



@book{ Moore-Margaret-Thatcher-Vol-II-Pub-2019,
  author =	 {Charles Moore},
  title =	 {Margaret Thatcher. Autoryzowna biografia~2},
  publisher =	 {Wydawnictwo Nieoczywiste},
  year =	 2019,
  edition =	 {I},
  note =	 {Tłumaczenie Janusz Stawiński},
}










@Comment #############################################################
@Comment HISTORY OF ECONOMY AND RELATED ISSUES
@Comment #############################################################


@book{ Ferguson-Niebezpieczne-zwiazki-Pub-2015,
  author =	 {Niall Ferguson},
  title =	 {Niebezpieczne związaki. Pieniądze i~władza w~świecie
                  nowożytnym 1700--2000},
  publisher =	 {Wydawnictwo Literackie},
  address =	 {Kraków},
  year =	 2015,
  edition =	 {I},
  note =	 {Tłum. Wojciech Tyszka},
}










@Comment #############################################################
@Comment HISTORY OF MYANMAR (BURMA)
@Comment #############################################################


@book{ Lubina-Pani-Biry-Pub-2016,
  author =	 {Michał Lubina},
  title =	 {Pani Birmy Aung San Suu Kyi. Biografia polityczna},
  publisher =	 {Wydawnictwo Naukowe PWN~SA},
  address =	 {Warszawa},
  year =	 2016,
  edition =	 {I~-- 2~dodruk},
}










@Comment #############################################################
@Comment HISTORY OF POLAND
@Comment #############################################################











@Comment ###############################
@Comment HISTORY OF POLAND IN XVIII AND XIX CENTURY
@Comment ###############################


@book{ Red-Nowak-Historia-Polski-w-XIX-wieku-Vol-I-Pub-2013,
  editor =	 {Red. Andrzej Nowak},
  title =	 {Historie Polskie w~XIX wieku. Tom~I. Kominy, ludzie
                  i~obłoki: modernizacja i~kultura},
  publisher =	 {Wydawnictwo DiG},
  address =	 {Warszawa},
  year =	 2013,
  edition =	 {I},
}










@Comment ###############################
@Comment HISTORY OF POLAND, YEARS 1788-1920
@Comment ###############################


@book{ Rymkiewicz-Wielki-Ksiaze-ETC-Pub-1983,
  author =	 {Jarosław Marek Rymkiewicz},
  title =	 {Wielki książę z~dodaniem rozważań o~istocie
                  i~przymiotach ducha polskiego},
  publisher =	 {Państwowy Instytut Wydawniczy},
  address =	 {Warszawa},
  year =	 1983,
  edition =	 {I},
}










@Comment ###############################
@Comment HISTORY OF POLAND, AFTER 1914
@Comment ###############################


@book{ Roszkowski-Najnowsza-historia-Polski-1914-1939-Pub-2011,
  author =	 {Wojciech Roszkowski},
  title =	 {Najnowsza historia Polski: 1914--1939},
  publisher =	 {Świat Książki},
  address =	 {Warszawa},
  series =	 {Najnowsza Historia Polski},
  year =	 2011,
  edition =	 {I},
}



@book{ Roszkowski-Najnowsza-historia-Polski-1939-1945-Pub-2011,
  author =	 {Wojciech Roszkowski},
  title =	 {Najnowsza historia Polski: 1939--1945},
  publisher =	 {Świat Książki},
  address =	 {Warszawa},
  series =	 {Najnowsza historia Polski},
  year =	 2011,
  edition =	 {I},
}



@book{ Roszkowski-Najnowsza-historia-Polski-1980-1989-Pub-2011,
  author =	 {Wojciech Roszkowski},
  title =	 {Najnowsza historia Polski: 1980--1989},
  publisher =	 {Świat Książki},
  address =	 {Warszawa},
  series =	 {Najnowsza historia Polski},
  year =	 2011,
  edition =	 {I},
}



@book{ Roszkowski-Najnowsza-historia-Polski-1989-2011-Pub-2011,
  author =	 {Wojciech Roszkowski},
  title =	 {Najnowsza historia Polski: 1989--2011},
  publisher =	 {Świat Książki},
  address =	 {Warszawa},
  series =	 {Najnowsza historia Polski},
  year =	 2011,
  edition =	 {I},
}



@book{ Zyzak-Efekt-Domina-Vol-I-Pub-2016,
  author =	 {Paweł Zyzak},
  title =	 {Efekt domina. Czy~Ameryka obaliła komunizm
                  w~Polsce?},
  publisher =	 {Fronda PL, Sp.~z~o.o.},
  address =	 {Warszawa},
  year =	 2016,
  edition =	 {I},
  volume =	 {I},
}



@book{ Zyzak-Efekt-Domina-Vol-II-Pub-2016,
  author =	 {Paweł Zyzak},
  title =	 {Efekt domina. Czy~Ameryka obaliła komunizm
                  w~Polsce?},
  publisher =	 {Fronda PL, Sp.~z~o.o.},
  address =	 {Warszawa},
  year =	 2016,
  edition =	 {I},
  volume =	 {II},
}










@Comment ###############################
@Comment HISTORY OF POLAND, YEARS 1944-1989
@Comment ###############################


@book{ Red-Dziurok-Musial-Instrukcje-wytyczne-pisma-ETC-Pub-2017,
  editor =	 {Redakcja i~opracowanie Adam Dziurok, Filip Musiał},
  title =	 {Instrukcje, wytyczne, pisma Departamentu
                  IV~Ministerstwa Spraw Wewnętrznych z~lat 1962--1989.
                  Wybór dokumentów},
  publisher =	 {Wydawnictwo Avalon},
  address =	 {Kraków--Katowice},
  year =	 2017,
  edition =	 {I},
}



@book{ Red-Franaszek-Granice-kompromisu-Pub-2015,
  author =	 {Red.~Piotr Franaszek},
  title =	 {Granice kompromisu. Naukowcy wobec aparatu władzy
                  ludowej},
  publisher =	 {Instytut Pamięci Narodowej},
  address =	 {Warszawa},
  year =	 2015,
  edition =	 {I},
}



@book{ Sikora-Fuglewicz-High-Tech-za-zelazna-kurtyna-ETC-Pub-2017,
  author =	 {Redakcja naukowa Mirosła Sikora; współpraca Piotr
                  Fuglewicz},
  title =	 {High-tech za~żelazną kurtyną: elektronika, komputery
                  i~systemy sterowania w~PRL},
  publisher =	 {Instytut Pamięci Narodowej Komisja~-- Komisja
                  Ścigania Zbrodni Przeciwko Narodowi Polskiemu},
  address =	 {Katowice--Warszawa},
  year =	 2017,
  edition =	 {I},
}










@Comment ###############################
@Comment HISTORY OF POLAND, YEARS 1939-1989
@Comment ###############################










@Comment ###############################
@Comment HISTORY OF POLAND, AFTER 1939
@Comment ###############################


@book{ Kakolewski-Diament-odnaleziony-w-popiele-Pub-1998,
  author =	 {Krzysztof Kąkolewski},
  title =	 {Diament odnaleziony w~popiele},
  publisher =	 {Wydawnictwo von~Borowiecky},
  address =	 {Warszawa},
  year =	 1998,
  edition =	 {II},
}



@book{ Wildstein-Cienie-moich-czasow-Pub-2015,
  author =	 {Bronisław Wildstein},
  title =	 {Cienie moich czasów},
  publisher =	 {Zysk i~S-ka},
  address =	 {Poznań},
  year =	 2015,
  edition =	 {I},
}










@Comment ###############################
@Comment HISTORY OF POLAND, AFTER 1989
@Comment ###############################


@book{ Kurski-Semka-Lewy-czerwcowy-Pub-1992,
  author =	 {Jacek Kurski and Piotr Semka},
  title =	 {Lewy czerwcowy. Mówią: Kaczyński, Macierewicz,
                  Parys, Glapiński, Kostrzewa-Zorbas},
  publisher =	 {Editions Spotkania},
  address =	 {Warszawa},
  year =	 1992,
  edition =	 {I},
}



@book{ Kofman-Roszkowski-Transformacja-i-postkomunizm-Pub-1999,
  author =	 {Kofman, Jan and Roszkowski, Wojciech},
  title =	 {Transformacja i~postkomunizm},
  publisher =	 {Instytut Studiów Politycznych Polskiej Akademii
                  Nauki, Instytut Historii Uniwersytetu w~Białymstoku},
  address =	 {Warszawa},
  year =	 1999,
  edition =	 {I},
}










@Comment ###############################
@Comment HISTORY OF POLAND, BIOGRAPHIES
@Comment ###############################



@Comment #####################
@Comment BIOGRAPHIES OF PEOPLE LIVING IN XVI AND XVII CENTURY
@Comment #####################


@book{ Gawronski-Bohdan-Chmielnicki-Vol-I-Pub-2016,
  author =	 {Rawita Franciszek Gawroński},
  title =	 {Bohdan Chmielnicki. Tom~I: Do~elekcji Jana
		  Kazimierza},
  publisher =	 {Napoleon~V},
  address =	 {Oświęcim},
  year =	 2016,
  edition =	 {I},
}










@Comment #####################
@Comment BIOGRAPHIES OF PEOPLE LIVING IN XX AND XXI CENTURY
@Comment #####################


@book{ Cenckiewicz-Anna-Solidarnosc-Pub-2010,
  author =	 {Sławomir Cenckiewicz},
  title =	 {Anna Solidarność. Życie i~działalność Anny
                  Walentynowicz na~tle epoki (1929--2010)},
  publisher =	 {Zysk i S-ka},
  address =	 {Poznań},
  year =	 2010,
  edition =	 {I},
}



@Comment Chyba tu pasuje? Ale to nie biografia, ale zbiór artykułów.
@book{ Red-Hall-Architekt-wolnej-Polski-Pub-2017,
  editor =	 {Aleksander Hall},
  title =	 {Arichtekt wolnej Polski. Świat wartości i~idei
                  Tadeusza Mazowieckiego},
  publisher =	 {Wydawnictwo Znak},
  address =	 {Kraków},
  year =	 2017,
  edition =	 {I},
}










@Comment ###############################
@Comment HISTORY OF POLAND, COLLECTIONS OF ARTICLES IN BOOK FORM
@Comment ###############################


@book{ Red-Cisek-Oskar-Halecki-Pub-2009,
  editor =	 {Janusz Cisek},
  title =	 {Oskar Halecki. Historyk~-- Szermierz Wolności},
  publisher =	 {Intytut Pamięci Narodowej},
  address =	 {Warszawa},
  year =	 2009,
  edition =	 {I},
}










@Comment ###############################
@Comment HISTORY OF POLAND, HISTORICAL ESSAYS IN BOOK FORM
@Comment ###############################


@book{ Rymkiewicz-Samuel-Zborowski-Pub-2010,
  author =	 {Jarosław Marek Rymkiewicz},
  title =	 {Samuel Zborowski},
  address =	 {Warszawa},
  publisher =	 {Wydawnictwo Sic!},
  year =	 2010,
  edition =	 {I},
}










@Comment ###############################
@Comment SYNTHESIS OF HISTORY OF POLAND
@Comment ###############################


@book{ Davies-Boze-igrzysko-Pub-2010,
  author =	 {Norman Davies},
  title =	 {Boże igrzysko. Historia Polski},
  publisher =	 {Wydawnictwo ZNAK},
  address =	 {Kraków},
  year =	 2010,
  edition =	 {VII~-- poszerzone},
  note =	 {Przekład autoryzowany Elżbieta Tabakowska},
}



@book{ Davies-Serce-Europy-Pub-2014,
  author =	 {Norman Davies},
  title =	 {Serce Europy},
  publisher =	 {Wydawnictwo ZNAK},
  address =	 {Kraków},
  year =	 2014,
  edition =	 {I},
}



@book{ Dlugosz-Roczniki-ETC--Vol-I-Pub-2009,
  author =	 {Jan Długosz},
  title =	 {Jana Długosza Roczniki czyli Kroniki Sławnego
                  Królestwa Polskiego. Ks.~1, Ks.~2, do~1038},
  publisher =	 {Wydawnictwo Naukowe PWN},
  address =	 {Warszawa},
  year =	 2009,
  edition =	 {I},
}



@book{ Kaminski-Korkuc-1050-Years-Pub-2016,
  author =	 {Łukasz Kamiński and Maciej Korkuć},
  title =	 {1050 Years. A~Guide to~the~History~of Poland
                  966-2016},
  publisher =	 {Instytut Pamięci Narodowej Komisja Ścigania Zbrodni
                  przeciwsko Narodowi Polskiemu},
  address =	 {Warszawa},
  year =	 2016,
  edition =	 {I},
}



@book{ Nowak-Dzieje-Polski-Vol-I-Pub-2014,
  author =	 {Andrzej Nowak},
  title =	 {Dzieje Polski. Tom~I: Skąd nasz ród},
  publisher =	 {Biały Kruk},
  address =	 {Kraków},
  year =	 2014,
  edition =	 {I},
}










@Comment #############################################################
@Comment HISTORY OF RUSSIA
@Comment #############################################################



@Comment ###############################
@Comment HISTORY OF BOLSHEVIKS RUSSIA AND SOVIET UNION
@Comment ###############################


@book{ Scutton-Wall-Street-i-Rewolucja-Bolszewicka-Pub-2016,
  author =	 {Antony C.~Scutton},
  title =	 {Wall Street i~Rewolucja Bolszewicka},
  publisher =	 {Garda},
  address =	 {Warszawa},
  year =	 2016,
  edition =	 {II},
}










@Comment ###############################
@Comment HISTORY OF RUSSIA, AFTER 1991
@Comment ###############################


@book{ Ericson-Oligarchowie-Pub-2014,
  author =	 {Claes Ericson},
  title =	 {Oligarchowie. Pieniądze i~władza w~kapitalistycznej
                  Rosji},
  publisher =	 {Warszawskie Wydawnictwo Literackie MUZA~SA},
  address =	 {Warszawa},
  year =	 2014,
  edition =	 {I},
  note =	 {Tłum. Hanna Jankowska},
}










@Comment #############################################################
@Comment HISTORY OF UNITED STATES OF AMERICS
@Comment #############################################################



@Comment ###############################
@Comment HISTORY OF UNITED STATES OF AMERICA IN XVIII AND XIX CENTURY
@Comment ###############################


@book{ McPherson-Battle-Cry-of-Freedom-Pub-2016,
  author =	 {James M.~McPherson},
  title =	 {Battle Cry of~Freedom. Historia Wojny Secesyjnej},
  publisher =	 {Napolen~V},
  address =	 {Oświęcim},
  edition =	 {I},
  year =	 2016,
}










@Comment ###############################
@Comment HISTORY OF UNITED STATES OF AMERICS IN XIX AND XX CENTURY
@Comment ###############################


@book{ Zaremba-Uzbrojona-Demokracja-Pub-2012,
  author =	 {Piotr Zaremba},
  title =	 {Uzbrojona demokracja. Theodore Roosevelt i~jego
                  Ameryka},
  publisher =	 {Neriton},
  address =	 {Oświęcim},
  edition =	 {I},
  year =	 2012,
  series =	 {Dzieje polityczne Stanów Zjednoczonych od~roku 1900},
  volume =	 {I},
}










@Comment #############################################################
@Comment HISTORY OF CREATED IN 1948 STATE OF ISRAEL
@Comment #############################################################



@Comment ###############################
@Comment STATE OF ISRAEL AND MIDDLE EAST AFTER 1850
@Comment ###############################


@book{ Shavit-Moja-Ziemia-Obiecana-Pub-2014,
  author =	 {Ari Shavit},
  title =	 {Moja Ziemia Obiecana. Triumf i~tragedia Izraela},
  publisher =	 {Wydawnictwo Uniwersytetu Jagiellońskiego},
  address =	 {Kraków},
  year =	 2014,
  edition =	 {I},
  note =	 {Tłum. Barbara Gutowska-Nowak},
}










@Comment ###############################
@Comment STATE OF ISRAEL AND MIDDLE EAST, AFTER 1945
@Comment ###############################


@book{ Bensimon-Errera-Zydzi-i-arabowie-Pub-2000,
  author =	 {Doris Bensimon and Eglal Errera},
  title =	 {Żydzi i~Arabowie. Historia współczesnego Izraela},
  publisher =	 {Wydawnictwo Cyklady},
  address =	 {Warszawa},
  year =	 2000,
  edition =	 {I},
  note =	 {Tłum. Regina Gromacka, Krzysztof Pruski},
}










@Comment #############################################################
@Comment HISTORICAL SYNTHESIS
@Comment #############################################################












@Comment #############################################################
@Comment HISTORY OF CHINA
@Comment #############################################################



@Comment ###############################
@Comment HISTORY OF CHINA, AFTER 1911
@Comment ###############################


@book{ Polit-Chiny-1946-1949-Pub-2010,
  author =	 {Jakub Polit},
  title =	 {Chiny 1946--1949},
  publisher =	 {Bellona},
  address =	 {Warszawa},
  year =	 2010,
  edition =	 {I},
}










@Comment ###############################
@Comment HISTORY OF CHINA, AFTER 1949
@Comment ###############################


@book{ Jian-Czerwony-pyl-Pub-2008,
  author =	 {Ma Jian},
  title =	 {Czerwony pył. Droga przez Chiny},
  publisher =	 {Zysk i~S-ka}},
  address =	 {Poznań},
  year =	 2008,
  edition =	 {I},
  note =	 {Tłum. Jerzy Łoziński na~podstawie przekładu
		  angielskiego Flory Drew},
}










@Comment #############################################################
@Comment HISTORY OF CITY OF ROME AND ITS EMPIRE
@Comment #############################################################


@book{ Swetoniusz-Zywoty-Cezarow-Vol-I-Pub-2004,
  author =	 {Gajus Swetoniusz Trankwillus},
  title =	 {Żywoty Cezarów. Tom I},
  publisher =	 {Zakład Narodowy im.~Ossolińskich --~Wydawnictwo, De
                  Agostini Polska Sp.~z~o.o.},
  address =	 {Wrocław, Warszawa},
  year =	 2004,
  edition =	 {I},
  note =	 {Tłum. Janina Niemirska-Pliszczynśka},
}










@Comment #############################################################
@Comment HISTORY OF JAPAN
@Comment #############################################################


@book{ Totman-Historia-Japonii-Pub-2009,
  author =	 {Conrad Totman},
  title =	 {Historia Japonii},
  publisher =	 {Wydawnictwo Uniwersytetu Jagiellońskiego},
  address =	 {Kraków},
  year =	 2009,
  edition =	 {I},
  note =	 {Tłum. Justyn Hunia},
  series =	 {Ex Oriente},
}










@Comment ###############################
@Comment HISTORY OF JAPAN IN XX AND XXI CENTURY
@Comment ###############################


@book{ Gordon-Nowozytna-historia-Japonii-Pub-2010,
  author =	 {Andrew Gordon},
  title =	 {Nowożytna historia Japonii},
  publisher =	 {Państwowy Instytut Wydawniczy},
  address =	 {Warszawa},
  year =	 2010,
  edition =	 {I},
}










@Comment #############################################################
@Comment HISTORY OF WEST EUROASIA
@Comment #############################################################



@Comment #############################################################
@Comment HISTORY OF WEST EUROASIA IN XX AND XXI CENTURY, BOOKS
@Comment #############################################################


@book{ Audisio-Chiara-Tworcy-zjednoczonej-Europy-Pub-2007,
  author =	 {Giuseppe Audisio and Alberto Chiara},
  title =	 {Twórcy Zjednoczonej Europy. Robert Schuman, Konrad
                  Adenauer, Alicide de~Gasperi},
  publisher =	 {Instytut Wydawniczy PAX},
  address =	 {Warszawa},
  year =	 2007,
  edition =	 {I},
}










@Comment #############################################################
@Comment HISTORY OF WEST EUROASIA, AFTER 1945
@Comment #############################################################


@book{ Judt-Powojnie-Pub-2016,
  author =	 {Tony Judt},
  title =	 {Powojnie. Historia Europy od~roku~1945},
  publisher =	 {Dom Wydawniczy Rebis},
  address =	 {Poznań},
  year =	 2016,
  edition =	 {I~(dodruk)},
}










@Comment #############################################################
@Comment HISTORY OF WEST EUROASIA, AFTER 1989
@Comment #############################################################


@book{ Ther-Nowy-Lad-na-starym-kontynencie-Pub-2015,
  author =	 {Philipp Ther},
  title =	 {Nowy ład na~starym kontynencie. Historia
                  neoliberalnej Europy},
  publisher =	 {Kurhaus Publishing},
  address =	 {Warszawa},
  edition =	 {I},
  year =	 2015,
  series =	 {Biznes horyzonty},
}










@Comment #############################################################
@Comment #############################################################
@Comment HISTORY OF MIDDLE EAST, BOOKS
@Comment #############################################################
@Comment #############################################################










@Comment #############################################################
@Comment HISTORY OF EAST EUROASIA
@Comment #############################################################



@Comment ###############################
@Comment HISTORY OF EAST EUROASIA IN XX AND XXI CENTURY
@Comment ###############################


@book{ Polit-Smutny-kontynent-Pub-2002,
  author =	 {Jakub Polit},
  title =	 {Smutny kontynent. Z~dziejów Azji wschodniej
                  w~XX~wieku},
  publisher =	 {Wydawnictwo Arcana},
  address =	 {Kraków},
  year =	 2002,
  edition =	 {I},
  series =	 {Arkana Historii},
}



@book{ Polit-Smutny-kontynent-Pub-2021,
  author =	 {Jakub Polit},
  title =	 {Smutny kontynent. Epizody i~sylwetki z~dziejów Azji
                  Wchodniej w~XX~w.},
  publisher =	 {Wydawnictwo Arcana},
  address =	 {Kraków},
  year =	 2021,
  edition =	 {I},
  series =	 {Arkana Historii},
}










@Comment #############################################################
@Comment HISTORY OF NORTH AMERICA
@Comment #############################################################










@Comment #############################################################
@Comment HISTORY OF THE WORLD
@Comment #############################################################



@Comment ###############################
@Comment HISTORY OF THE WORLD, AFTER 1914
@Comment ###############################


@book{ Johnson-Historia-swiata-XX-Wieku-Vol-I-Pub-2009,
  author =	 {Paul Johnson},
  title =	 {Historia świata XX~wieku, od~rewolucji
		  Październikowej do~„Solidarności”},
  publisher =	 {Fijorr Publishing},
  address =	 {Warszawa},
  year =	 2009,
  edition =	 {I},
}




















@Comment ###############################
@Comment HISTORICAL OF ECONOMY AND RELATED ISSUES IN UNITED STATES OF
@Comment AMERICA
@Comment ###############################


@book{ RothbardAHistoryOfMoneyAndBankingETC2002,
  author =	 {Murray N.~Rothbard},
  title =	 {A~History~of Money and Banking in the United States:
                  The Colonial Era to World War~II},
  publisher =	 {Ludwig von Mises Institute},
  address =	 {Auburn, Alabama, USA},
  edition =	 {I},
  year =	 2002,
}










@Comment #############################################################
@Comment HISTORY OF MATHEMATICS
@Comment #############################################################


@book{ BourbakiElementyHistoriiMatematyki1980,
  author =	 {Nicolas Bourbaki},
  title =	 {Elementy historii matematyki},
  publisher =	 {Państwowe Wydawnictwo Naukowe},
  address =	 {Warszawa},
  year =	 1980,
  edition =	 {I},
  note =	 {Tłum. Stanisław Dobrzycki},
}



@book{ BoyerHistoriaRachunkuRozniczkowegoICalkowego1964,
  author =	 {Carl Benjamin Boyer},
  title =	 {Historia rachunku różniczkowego i~całkowego i~rozwój
                  jego pojęć},
  publisher =	 {Państwowe Wydawnictwo Naukowe},
  address =	 {Warszawa},
  year =	 1964,
  edition =	 {I},
}



@book{ Red-Juszkiewicz-Historia-Matematyki-Vol-III-Wyd-1977,
  editor =	 {A.P. Juszkiewicz},
  title =	 {Historia matematyki. Tom~III: Matematyka XVIII stulecia},
  publisher =	 {Państwowe Wydawnictwo Naukowe},
  address =	 {Warszawa},
  year =	 1977,
  edition =	 {I},
  note =	 {Tłum. Stanisław Dobrzycki}
}



@book{ Krysicki-Poczet-Wielkich-Matematykow-Wyd-1989,
  author =	 {Red. Włodzimierz Krysicki},
  title =	 {Poczet wielkich matematyków},
  publisher =	 {Nasza Księgarnia},
  year =	 1989,
}










@Comment #############################################################
@Comment HISTORY OF SCIENCE AND TECHNOLOGY
@Comment #############################################################


@Comment ###############################
@Comment HISTORY OF PHYSICS
@Comment ###############################


@book{ TruesdellTheTragicomicalETC1980,
  author =	 {Clifford Truesdell},
  title =	 {The~tragicomical history~of thermodynamics
                  1822--1854},
  publisher =	 {Springer-Verlag},
  address =	 {New York-Heidelberg-Berlin},
  year =	 1980,
  edition =	 {I},
  series =	 {Studies in the~History~of Mathematics and~Physical
                  Sciencies},
  volume =	 4,
}



@book{ RedZalewskaMarianMiesowiczETC2007,
  author =	 {Redakcja naukowa Agnieszka Zalewska},
  title =	 {Marian Mięsowicz. Życie i~dzieło 1907--1992},
  publisher =	 {Polska Akademia Umiejętności},
  address =	 {Kraków},
  year =	 2007,
  edition =	 {I},
}