@book{ WeinbergTeoriaPolKwantowychTomI2012,
  author =	 {Steven Weinberg},
  title =	 {Teoria pól kwantowych. Podstawy},
  publisher =	 {Wydawnictwo Naukowe PWN},
  address =	 {Warszawa},
  year =	 2012,
  edition =	 {{I --~1~dodruk}},
  volume =	 {{I}},
}


@book{ WeinbergTeoriaPolKwantowychTomII1999,
  author =	 {Steven Weinberg},
  title =	 {Teoria pól kwantowych. Nowoczesne zastosowania},
  publisher =	 {Wydawnictwo Naukowe PWN},
  address =	 {Warszawa},
  year =	 1999,
  edition =	 {{I}},
  volume =	 {{II}},
}







@Comment ###############################
EFEKT CASIMIRA
@Comment ###############################


@book{ DalvitAtElCasimirPhysics2011,
  author =	 {Diego Dalvit and Peter Milonni and David Roberts and
                  Felipe Rosa},
  title =	 {Casimir Physics},
  publisher =	 {Springer},
  address =	 {Heidelberg, Dordrecht, London, New York},
  year =	 2011,
}







@Comment ###############################
TEORIA STRUN
@Comment ###############################




@Comment #############################################################
FIZYKA MATEMATYCZNA
@Comment #############################################################


@book{ ArnoldKhesinTopologicalMethodsHydrodanamics1998,
  author =	 {Vladimir I.~Arnold and Boris A.~Khesin},
  title =	 {Topological Methods in~Hydrodynamics},
  publisher =	 {Springer},
  address =	 {New York, Berlin, Heidelberg, Barcelona, Hong Kong,
                  London, Milan, Paris, Singapore, Tokyo},
  year =	 1998,
  seriess =	 {Applied Mathematical Sciences},
  volume =	 125,
}


@book{ CourantHilbertMethodOfMathematicalPhysics1953,
  author =	 {Richard Courant and David Hilbert},
  title =	 {Methods~of Mathematical Physics},
  publisher =	 {Interscience Publishers, INC.},
  address =	 {New York},
  year =	 1953,
}


@book{ GlimmJaffe1981,
  author =	 "J. Glimm and A. Jaffe",
  title =	 {{Quantum Physics. A Functional Point of View}},
  publisher =	 "Springer",
  address =	 {{New York Heidelberg Berlin}},
  year =	 1981,
}


@book{ StreaterWightmanPCT2000,
  author =	 {Raymond F. Streater and Arthur S. Wightman},
  title =	 {PCT, Spin and~Statistic, and~All That},
  publisher =	 {Princton Univeristy Press},
  address =	 {Princton and~Oxford},
  year =	 2015,
  edition =	 {{IV}},
}


@book{ MitterPittnerRecentDevelopmentsInMathematicalPhysics1987,
  author =	 {Editors: H. Mitter and L. Pittner},
  title =	 {Recent Developments in~Mathematical Physics},
  publisher =	 {Springer-Verlang},
  address =	 {Berlin, Heidelberg, New York, London, Paris, Tokyo},
  year =	 1987,
  edition =	 {{I}},
}


@book{ ThirringFizykaMatematycznaTomI1985,
  author =	 {Walter Thirring},
  title =	 {Fizyka matematyczna. Tom~I: Klasyczne układy
                  dynamiczne},
  publisher =	 {Państwowe Wydawnictwo Naukowe},
  address =	 {Warszawa},
  year =	 1985,
  edition =	 {{I}},
  volume =	 {{I}},
}


@book{ ThirringFizykaMatematycznaTomII1985,
  author =	 "Walter Thirring",
  title =	 {{Fizyka matematyczna. Tom~II: Klasyczna teoria
		  pola.}},
  publisher =	 "Państwowe Wydawnictwo Naukowe",
  address =	 {{Warszawa}},
  year =	 1985,
  volume =	 {{II}},
  edition =	 {{I}},
}


@book{ ThirringFizykaMatematycznaTomIII1986,
  author =	 "Walter Thirring",
  title =	 {{Fizyka matematyczna. Tom~III: Mechanika kwantowa
		  atomów i~cząstek}},
  publisher =	 "Państwowe Wydawnictwo Naukowe",
  address =	 {{Warszawa}},
  year =	 1986,
  volume =	 {{III}},
  edition =	 {{I}},
}


@book{ ThirringFizykaMatematycznaTomIV1987,
  author =	 "Walter Thirring",
  title =	 {{Fizyka matematyczna. Tom~IV: Mechanika kwantowa
		  wielkich układów}},
  publisher =	 "Państwowe Wydawnictwo Naukowe",
  address =	 Warszawa,
  year =	 1987,
  volume =	 {{IV}},
  edition =	 {{I}},
}


@book{ BicadzeKaliniczenkoZbiorZadanZRownaniaFizykiMatematycznej1984,
  author =	 "A. W. Bicadze and D. F. Kaliniczenko",
  title =	 "Zbiór zadań z równań fizyki matematycznej",
  publisher =	 "Państwowe Wydawnictwo Naukowe",
  address =	 "Warszawa",
  year =	 1984,
  edition =	 {{I}},
}







@Comment ###############################
MATEMATYCZNA MECHANIKA NEWTONA
@Comment ###############################


@Comment ###############################
MATEMATYCZNA MECHANIKA KWANTOWA
@Comment ###############################


@book{ AlbeverioEtAlSolvableModelsInQM1988,
  author =	 {Sergio Albeverio and Friedrich Gesztesy and Raphael
                  H{\o}egh-Krohn and Helge Holden},
  title =	 {Solvable Models in~Quantum Mechanics},
  publisher =	 {Springer},
  address =	 {New York, Berlin, Heidelberg, London, Paris, Tokyo},
  year =	 1988,
  series =	 {Texts and~Monographs in~Physics},
}







@Comment ###############################
MATEMATYCZNA QFT -- RÓŻNE PODEJŚCIA
@Comment ###############################


@book{ PaugamTowardsMathematicsOfQFT2014,
  author =	 {Fr\acute{e}d\acute{e}ric Paugam},
  title =	 {Towards the~Mathematics~of Quantum Field Theory},
  publisher =	 {Springer},
  address =	 {Cham, Heidelberg, New York, Dordrecht, London},
  year =	 2014,
  edition =	 {{I}},
}


@book{ SteinmannPerturbativeQEDAndAxiomaticFieldTheory2000,
  author =	 {Othmar Steinmann},
  title =	 {Perturbative Quantum Electrodynamics and~Axiomatic
		  Field Theory},
  publisher =	 {Springer},
  address =	 {Berlin, Heidelberg},
  year =	 2000,
  edition =	 {{I}},
}







@Comment #############################################################
@Comment #############################################################
BIOLOGIA
@Comment #############################################################
@Comment #############################################################


@book{ ZarysMechanizmowEwolucji2002,
  author =	 {H. Krzanowska and A. Łomnicki and J. Rafiński and H.
                  Szarski and J. M. Szymura},
  title =	 {Zarys mechanizmów ewolucji},
  publisher =	 {Wydawnictwo Naukowe PWN},
  address =	 {Warszawa},
  year =	 2002,
  edition =	 {III -- zmienione},
}


@book{ KunickiGoldfingerPodstawBiologiiG1980,
  author =	 {Władysław J.~H.~Kunicki-Goldfinger},
  title =	 {Podstawy biologii. Od~bakterii do~człowieka},
  publisher =	 {Państwowe Wydawnictwo Naukowe},
  address =	 {Warszawa},
  year =	 1980,
  edition =	 {{II}},
}







@Comment #############################################################
@Comment #############################################################
CHEMIA
@Comment #############################################################
@Comment #############################################################


@book{ PaulingChemiaOgolna1959,
  author =	 {Linus Pauling},
  title =	 {Chemia ogólna. Wstęp do~chemii opisowej z~zarysem
		  nowoczesnych teorii},
  publisher =	 {Państwowe Wydawnictwo Naukowe},
  address =	 {Warszawa},
  year =	 1959,
  edition =	 {{I}},
}


@book{ PazdroChemiaDlaKandydatow1982,
  author =	 {Krzysztof M.~Pazdro},
  title =	 {Chemia dla kandydatów na~wyższe uczelnie},
  publisher =	 {Państwowe Wydawnictwo Naukowe},
  address =	 {Warszawa},
  year =	 1982,
  edition =	 {{II}},
}







@Comment #############################################################
@Comment #############################################################
NAUKI TECHNICZNE
@Comment #############################################################
@Comment #############################################################


@book{ WegrzynInMemoriam2012,
  author =	 {Red. Andrzej Kwiecień and~Piotr Gaj},
  title =	 {Stefan Węgrzyn In~Memoriam},
  publisher =	 {Silesian University~of Technology Press},
  address =	 {Gliwice},
  year =	 2012,
  edition =	 {{I}},
}


@book{ WegrzynPodstawyAutomatyki1980,
  author =	 {Stefan Węgrzyn},
  title =	 {Podstawy automatyki},
  publisher =	 {Państwowe Wydawnictwo Naukowe},
  address =	 {Warszawa},
  year =	 1980,
  edition =	 {{V}},
}







@Comment #############################################################
@Comment #############################################################
TABLICE
@Comment #############################################################
@Comment #############################################################


@book{ WojtowiszTablice4Cyfrowe1970,
  author =	 {Władysław Wojtowicz},
  title =	 {Tablice matematyczno\dywiz fizyczne czterocyfrowe},
  publisher =	 {Państwowe Zakłady Wydawnictw Szkolnych},
  address =	 {Warszawa},
  year =	 1970,
  edition =	 {XXIII},
  note =	 {Opracowali Cz. Białobrzeski, Z. Gajewski, E. Rybka
                  i~A.M. Rusiecki},
}







@Comment #############################################################
@Comment #############################################################
POPULARNONAUKOWE -- NAUKI PRZYRODNICZE
@Comment #############################################################
@Comment #############################################################


@book{ BaryszewTeerikorpiWszechswiat2005,
  author =	 {Jurij Baryszew and~Pekka Teerikorpi},
  title =	 {Wszechświat. Poznawanie kosmicznego ładu},
  publisher =	 {Wydawnictwo WAM},
  address =	 {Kraków},
  year =	 2005,
  edition =	 {{I}},
  note =	 {Tłum. Krzysztof Włodarczyk},
}


@book{ HawkingKrotkaHistoriaCzasu1990,
  author =	 {Stephen W.~Hawking},
  title =	 {Krótka historia czasu. Od Wielkiego Wybuchu
                  do~czarnych dziur},
  publisher =	 {Wydawnictwo „ALFA”},
  address =	 {Warszawa},
  year =	 1990,
  edition =	 {{I}},
}


@book{ KakuWszechswiatyRownolegle,
  author =	 {Michio Kaku},
  title =	 {Wszechświaty równoległe. Powstanie Wszechświata,
                  wyższe wymiary i~przyszłość kosmosu},
  publisher =	 {Prószyński i~S-ka},
  address =	 {Warszawa},
  year =	 {Brak daty},
}


@book{ WajnertPrzygodyZMachefim1987,
  author =	 {Włodzimierz Wajnert},
  title =	 {Przygody z~Machefim},
  publisher =	 {Wydawnictwo Czasopism i~Książek Technicznych
                  NOT-SIGMA},
  address =	 {Warszawa},
  year =	 1987,
  edition =	 {{I}},
}


@book{ YauNadisGeometriaTeoriiStrun2012,
  author =	 {Shing-Tung Yau and Steve Nadis},
  title =	 {Geometria teorii strun. Ukryte wymiary przestrzeni},
  publisher =	 {Prószyński i~S-ka},
  address =	 {Warszawa},
  year =	 2012,
  edition =	 {{I}},
  note =	 {Tłum. Bogumił Bieniok i~Ewa L.~Łokas},
}







@Comment ###############################
INNE. NIEUPORZĄDKOWANE.
@Comment ###############################




@Comment ###############################
HISTORIA I FILOZOFIA NAUKI
@Comment ###############################





@book{ Tay96,
	author	  = "M. E. Taylor",
	title	  = "Partial differential equations. Basic theory",
	publisher = "Springer",
	volume    = "I",
	%number   = "",
	%series   = "",
	%address  = "",
	%edition  = "",
        year      = "1996",
        %month    = "",
        %note     = ""
     }



@Comment @book{ Wim09,
@Comment 	author	   = "E. Wimmer",
@Comment 	title	   = {{Quantum Transport in Nanostructures: From Computional Concepts to Spintronics in Graphene and Magnetic
@Comment 	Tunnel Junctions}},
@Comment 	publisher = "Docupoint",
@Comment 	%volume   = "",
@Comment 	%number   = "",
@Comment 	%series   = "",
@Comment 	%address  = "",
@Comment 	edition   = "I",
@Comment         year      = "2009",
@Comment         %month    = "",
@Comment         %note     = ""
@Comment      }

@book{ Cvi,
  author =	 "P. Cvitanovi\'{c}",
  title =	 {{Group theory. Birdtracks, Lie's, and Exeptional
                  Groups}},
%publisher = "",
%volume   = "",
%number   = "",
%series   = "",
%address  = "",
edition   = "9.0.1",
       %year     = "",
       %month    = "",
       %note     = ""
}







@Comment @book{ HNW87,
@Comment 	author	  = {{E. Hairer, S. P. N\{o}rsett, G. Wanner}},
@Comment 	title	  = {{Solving Ordinary Differential Equtions I: Nonstiff Problems}},
@Comment 	publisher = {{Springer}},
@Comment 	%volume   = "",
@Comment 	%number   = "",
@Comment 	series    = {{Springer Series in Computational Mathematics}},
@Comment 	%address  = "",
@Comment 	edition  = "I",
@Comment         year      = "1987",
@Comment         %month    = "",
@Comment         %note     = ""
@Comment      }

@Comment @book{ Tes12,
@Comment 	author	  = "G. Teschl",
@Comment 	title	  = {{Ordinary Differential Equations and Dynamical Systems}},
@Comment 	publisher = {{American Mathematical Society}},
@Comment 	volume    = "140",
@Comment 	%number   = "",
@Comment 	series    = {{Graduate Studies in Mathematics}},
@Comment 	%address  = "",
@Comment 	%edition  = "",
@Comment         year      = "2012",
@Comment         %month    = "",
@Comment         %note     = ""
@Comment      }

@Comment @book{ Tay96,
@Comment 	author	  = "M. E. Taylor",
@Comment 	title	  = "Partial differential equations. Basic theory",
@Comment 	publisher = "Springer",
@Comment 	volume    = "I",
@Comment 	%number   = "",
@Comment 	%series   = "",
@Comment 	%address  = "",
@Comment 	%edition  = "",
@Comment         year      = "1996",
@Comment      }


@Comment @book{ CW74,
@Comment 	author	  = {{B. Chrząstowska, S. Wysołuch}},
@Comment 	title	  = "Wiadomości z teorii literatury w analizie literackiej",
@Comment 	publisher = "Wydawnictwo Szkolne i Pedagogiczne",
@Comment 	%volume   = "",
@Comment 	%number   = "",
@Comment 	%series   = "",
@Comment 	%address  = "",
@Comment 	edition  = "I",
@Comment         year      = "1974",
@Comment         %month    = "",
@Comment         %note     = ""
@Comment      }

@Comment @book{ GOSS91,
@Comment 	author	  = {{M. Głowiński, A. Okopień-Sławińska, J. Sławiński}},
@Comment 	title	  = "Zarys teorii literatury",
@Comment 	publisher = {{Wydawnictwa Szkolne i Pedagogiczne}},
@Comment 	%volume   = "",
@Comment 	%number   = "",
@Comment 	%series   = "",
@Comment 	%address  = "",
@Comment 	edition   = "VI -- poprawione",
@Comment         year      = "1991",
@Comment         %month    = "",
@Comment         %note     = ""
@Comment      }



@Comment @book{ Hof12,
@Comment 	author	  = {{M. Hoffman}},
@Comment 	title	  = "Judaizm zdemaskowany!",
@Comment 	publisher = {{ANTYK}},
@Comment 	volume   = "I",
@Comment 	%number   = "",
@comment 	%series   = "",
@Comment 	%address  = "",
@Comment 	%edition   = "",
@Comment         year      = "2012",
@Comment         %month    = "",
@Comment         %note     = ""
@Comment      }

@Comment @book{ Jon07,
@Comment 	author	  = "Michael Jones",
@Comment 	title	  = {{Gwiazda i Krzyż}},
@Comment 	publisher = {{Wektory}},
@Comment 	%volume   = "",
@Comment 	%number   = "",
@Comment 	%series   = "",
@Comment 	%address  = "",
@Comment 	edition   = "I",
@Comment         year      = "2007",
@Comment         %month    = "",
@Comment         %note     = ""
@Comment      }



@Comment @book{ CzR04,
@Comment 	author	  = {{J. Czyżma, E. Roguszczak}},
@Comment 	title	  = {{Język łaciński}},
@Comment 	publisher = {{Wydawnictwo Uniwersytetu Gdańskiego}},
@Comment 	%volume   = "",
@Comment 	%number   = "",
@Comment 	%series   = "",
@Comment 	%address  = "",
@Comment 	edition   = "V",
@Comment         year      = "2004",
@Comment         %month    = "",
@Comment         %note     = ""
@Comment      }

@Comment @book{ Mur98,
@Comment 	author	  = {{R. Murphy}},
@Comment 	title	  = {{English Grammar in Use}},
@Comment 	publisher = {{Cambridge University Press}},
@Comment 	%volume   = "",
@Comment 	%number   = "",
@Comment 	%series   = "",
@Comment 	%address  = "",
@Comment 	edition   = "Second",
@Comment         year      = "1998",
@Comment         %month    = "",
@Comment         %note     = ""
@Comment      }






@book{ Gri01,
	author	  = "D. J. Griffits",
	title	  = "Podstawy elektrodynamiki",
	publisher = "Wydawnictwo Naukowe PWN",
	%volume   = "",
	%number   = "",
	%series   = "",
	%address  = "",
	edition   = "I",
        year      = "2001",
        %month    = "",
        %note     = ""
     }





@book{ BK84,
	author	  = {{A. W. Bicadze, D. F. Kaliniczenko}},
	title	  = "Zbiórz zadań z równań fizyki matematycznej",
	publisher = "Państwowe Wydawnictwo Naukowe",
	%volume   = "",
	%number   = "",
	%series   = "",
	%address  = "",
	edition   = "I",
        year      = "1984",
        %month    = "",
        %note     = ""
     }



@book{ Haa96,
	author	  = "R. Haag",
	title	  = {{Local quantum physics : fields, particles, algebras.}},
	publisher = "Springer",
	%volume   = "",
	%number   = "",
	%series   = "",
	%address  = "",
	edition   = "II",
        year      = "1996",
        %month    = "",
        %note     = ""
     }



@book{ GSW87,
	author	  = {{M. B. Green, J. H. Schwarz, E. Witten}},
	title	  = {{Superstring Theory. Volume 1: Introduction.}},
	publisher = "Cambridge University Press",
	%volume    = "I",
	%number   = "",
	%series   = "",
	%address  = "",
	%edition  = "",
        year      = "1987",
        %month    = "",
        %note     = ""
     }


@book{ PS95,
	author	  = {{M. E. Peskin, D. V. Schroeder}},
	title	  = {{An Introduction to Quantum Field Theory}},
	publisher = "Westview Press",
	%volume   = "",
	%number   = "",
	%series   = "",
	%address  = "",
	edition   = "I",
        year      = "1995",
        %month    = "",
        %note     = ""
     }


@book{ BLP11,
	author	  = {{W. B. Bierestecki, J . M. Lifszyc, L. P. Pitajewski}},
	title	  = {{Elektrodynamika kwantowa}},
	publisher = "Wydawnictwo Naukowe PWN",
	%volume   = "",
	%number   = "",
	%series   = "",
	%address  = "",
	edition   = "II -- zmienione",
        year      = "2011",
        %month    = "",
        %note     = ""
     }

@book{ BS59,
	author	  = {{N. N. Bogoliubov, D. V. Shirkov}},
	title	  = {{Introduction to the theory of quantized fields}},
	publisher = "New York : Interscience Publishers, Inc.",
	%volume   = "",
	%number   = "",
	%series   = "",
	%address  = "",
	edition   = "I",
        year      = "1959",
        %month    = "",
        %note     = ""
     }



@book{ HE73,
	author    = {{S. W. Hawking, G. F. R. Ellis}},
        title     = {{The Large Scale Structure of Space-Time}},
        publisher = "Cambridge University Press",
	%volume   = "",
	%number   = "",
	%series   = "",
	%address  = "",
	%edition  = "",
        year      = "1973",
        %month    = "",
        %note     = ""
        }


@book{ Str97,
	author	  = {{A. Strzałkowski}},
	title	  = "Wstęp do fizyki jądra atomowego",
	publisher = "Państwowe Wydawnictwo Naukowe",
	volume    = "V",
	%number   = "",
	series    = "Biblioteka Fizyki",
	%address  = "",
	edition   = "III",
        year      = "1979",
        %month    = "",
        %note     = ""
     }
