@Comment #############################################################
@Comment #############################################################
@Comment #############################################################
@Comment LITERATURE, BOOK
@Comment #############################################################
@Comment #############################################################
@Comment #############################################################



@Comment #############################################################
@Comment #############################################################
@Comment COLLECTIONS OF APHORISM
@Comment #############################################################
@Comment #############################################################


@book{ MickiewiczMysliZdaniaIUwagi2000,
  author =	 {Adam Mickiewicz},
  title =	 {Myśli, zdania i~uwagi},
  publisher =	 {Prószyński i~S-ka},
  address =	 {Warszawa},
  year =	 2000,
  edition =	 {I},
}










@Comment #############################################################
@Comment #############################################################
@Comment NOVELS
@Comment #############################################################
@Comment #############################################################



@Comment #############################################################
@Comment XIX AND XX CENTURIES BRITISH NOVELS, IN TRANSLATION
@Comment #############################################################


@book{ ChestertonCzlowiekKtoryBylCzwartkiem2008,
  author =	 {Gilbert Keith Chesterton},
  title =	 {Człowiek, który był czwartkiem},
  publisher =	 {FRONDA PL sp. z~o.o.},
  address =	 {Warszawa},
  year =	 2008,
  edition =	 {I},
}



@book{ LewisDopokiMamyTwarze2010,
  author =	 {C.S. Lewis},
  title =	 {Dopóki mamy twarze. Mit opowiedziany na nowo},
  publisher =	 {Esprit SC},
  address =	 {Kraków},
  year =	 2010,
  edition =	 {I w tej edycji},
  note =	 {Tłum. Albert Gorzkowski},
}



@book{ TolkienHobbit1997,
  author =	 {John Ronald Reuel Tolkien},
  title =	 {Hobbit, czyli tam i~z~powrotem},
  publisher =	 {Iskry},
  address =	 {Warszawa},
  year =	 {1997?},
  edition =	 {XI},
}










@Comment #############################################################
@Comment XIX AND XX CENTURIES ENGLISH LANGUAGE NOVELS, IN TRANSLATION
@Comment #############################################################


@book{ WohlWlocznia2022,
  author =	 {Louis de Wohl},
  title =	 {Włócznia},
  publisher =	 {Wydawnictwo Diecezjalne i~Drukarnia w~Sandomierzu},
  address =	 {Sandomierz},
  year =	 2022,
  edition =	 {IV},
}










@Comment #############################################################
@Comment XIX AND XX CENTURIES GERMAN NOVELS, IN TRANSLATION
@Comment #############################################################


@book{ MannDoktorFaustus2002,
  author =	 {Tomasz Mann},
  title =	 {Doktor Faustus. Żywot niemieckiego kompozytora
                  Adriana Leverk{\"{u}}hna opowiedziany przez jego
                  przyjaciela},
  publisher =	 {Porozumienie Wydawców},
  address =	 {Kraków},
  year =	 2002,
  edition =	 {I},
}










@Comment #############################################################
@Comment XIX AND XX CENTURIES JAPANESE NOVELS, IN TRANSLATION
@Comment #############################################################


@book{ EndoKobietaKtoraPorzucilem1978,
  author =	 {Shusaku Endo},
  title =	 {Kobieta, którą porzuciłem},
  publisher =	 {Instytut Wydawniczy PAX},
  address =	 {Warszawa},
  year =	 1978,
  edition =	 {I},
  node =	 {Izabela Denysenko},
}



@book{ EndoMilczenie1986,
  author =	 {Shusaku Endo},
  title =	 {Milczenie},
  publisher =	 {Instytut Wydawniczy PAX},
  address =	 {Warszawa},
  year =	 1986,
  edition =	 {II},
}










@Comment #############################################################
@Comment XIX AND XX CENTURIES POLISH NOVELS
@Comment #############################################################


@Comment ###############################
@Comment TEODOR PARNICKI'S NOVELS
@Comment ###############################


@book{ ParnickiKolaNaPiasku1989,
  author =	 {Teodor Parnicki},
  title =	 {Koła na piasku. Powieść z~roku~160 przed narodzeniem
                  Chrystusa},
  publisher =	 {Instytut Wydawniczy PAX},
  address =	 {Warszawa},
  year =	 1989,
  edition =	 {II},
}










@Comment #############################################################
@Comment XX AND XXI POLISH NOVELS
@Comment #############################################################


@book{ DukajWroniec2009,
  author =	 {Jacek Dukaj},
  title =	 {Wroniec},
  publisher =	 {Wydawnictwo Literackie Sp. z~o.o.},
  address =	 {Kraków},
  year =	 2009,
  edition =	 {I},
}



@book{ LemNiezywciezony1995,
  author =	 {Stanisław Lem},
  title =	 {Niezwyciężony},
  publisher =	 {Interart},
  address =	 {Warszawa},
  year =	 1995,
  edition =	 {I},
}










@Comment #############################################################
@Comment XX AND XXI CENTURIES USA NOVELS, IN TRANSLATION
@Comment #############################################################


@book{ KlavanZwierzecaGodzina,
  author =	 {Andrew Klavan},
  title =	 {Zwierzęca godzina},
  publisher =	 {Mocna seria!},
}



@book{ WolfeCienKata2007,
  author =	 {Gene Wolfe},
  title =	 {Cień kata. Księga Nowego Słońca I},
  publisher =	 {Wydawnictwo >>Książnica<<},
  address =	 {Katowice},
  year =	 2007,
  note =	 {Tłum. Arkadiusz Nakoniecznik},
}










@Comment #############################################################
@Comment POETRY
@Comment #############################################################



@Comment ###############################
@Comment BRITISH POETRY, XVI AND XVII CENTURY, IN TRANSLATION
@Comment ###############################


@book{ BaranczakAntologiaAngielskiejPozejiMetafizycznej1982,
  author =	 {Stanisław Barańczak},
  title =	 {Antologia angielskiej poezji metafizycznej XVII
                  stulecia},
  publisher =	 {Państwowy Instytytu Wydawniczy},
  address =	 {Warszawa},
  year =	 1982,
  edition =	 {I},
}






@Comment ###############################
@Comment MOSCOVIA POETRY, XVIII AND XIX CENTURY
@Comment ###############################


@book{ LermontowPoezjeWybrane1981,
  author =	 {Michaił Lermontow},
  title =	 {Poezje wybrane},
  publisher =	 {Państwowy Instytytu Wydawniczy},
  address =	 {Warszawa},
  year =	 1981,
  edition =	 {I},
  series =	 {Biblioteka poetów},
  note =	 {Wyboru dokonał i~wstępem opatrzył Zbigniew
                  Bieńkowski},
}










@Comment ###############################
@Comment POLISH POETRY, XIX AND XX CENTURY
@Comment ###############################


@book{ BrandstaetterWierszeIPoematy2003,
  author =	 {Roman Brandstaetter},
  title =	 {Wiersze i~poematy},
  publisher =	 {Wydawnictwo M},
  address =	 {Kraków},
  year =	 2003,
  series =	 {Roman Brandstaetter, dzieła zebrane},
}



@book{ IwaszkiewiczWierszeTomI1977,
  author =	 {Jarosław Iwaszkiewicz},
  title =	 {Wiersze},
  publisher =	 {Czytelnik},
  address =	 {Warszawa},
  year =	 1977,
  edition =	 {I},
  volume =	 {I},
}



@book{ LechonPoezje1973,
  author =	 {Jan Lechoń},
  title =	 {Poezje},
  publisher =	 {Państwowy Instytut Wydawniczy},
  address =	 {Warszawa},
  year =	 1973,
  edition =	 {II},
}










@Comment ###############################
@Comment POLISH POETRY, XX AND XXI CENTURY
@Comment ###############################


@book{ DopartNaPowrotWiesze2022,
  author =	 {Bogusław Dopart},
  title =	 {Na~powrót. Wiersze},
  publisher =	 {Biały Kruk},
  address =	 {Kraków},
  year =	 2022,
  edition =	 {I},
}



@book{ RymkiewiczCichoCiszej2003,
  author =	 {Jarosław Marek Rymkiewicz},
  title =	 {Cicho ciszej. Wybrane wiersze z~lat 1963--2002},
  publisher =	 {Sic!},
  address =	 {Warszawa},
  year =	 2003,
  edition =	 {I},
}



















@Comment #############################################################
@Comment SHORT STORIES
@Comment #############################################################



@Comment #############################################################
@Comment XX AND XXI CENTURY POLISH SHORT STORIES
@Comment #############################################################


@book{ LemDziennikiGwiazdowe1982,
  author =	 {Stanisław Lem},
  title =	 {Dzienniki gwiazdowe. Wydanie rozszerzone},
  publisher =	 {Wydawnictwo Literackie},
  address =	 {Kraków},
  year =	 1982,
  edition =	 {I~rozszerzone},
}



@book{ WildsteinPrzyszloscZOgraniczonaOdpowiedzialnoscia2010,
  author =	 {Bronisław Wildstein},
  title =	 {Przyszłość z~ograniczoną odpowiedzialnością},
  publisher =	 {Wydawnictwo~M},
  address =	 {Kraków},
  year =	 2010,
  edition =	 {II},
}










@Comment #############################################################
@Comment #############################################################
@Comment SHAMELESS PROPAGANDA
@Comment #############################################################
@Comment #############################################################


@book{ MickiewiczKsiegaNaroduPolskieg2004,
  author =	 {Adam Mickiewicz},
  title =	 {Księgi narodu polskiego i~pielgrzymstwa polskiego},
  publisher =	 {Zakład Narodowy im.~Ossolińskich},
  address =	 {Wrocław},
  year =	 2004,
}










@Comment #############################################################
@Comment #############################################################
@Comment SONGS
@Comment #############################################################
@Comment #############################################################


@Comment #############################################################
@Comment XX AND XXI CENTURY USA SONGS, IN TRANSLATION
@Comment #############################################################


@book{ DylanDusznyKraj2017,
  author =	 {Bob Dylan},
  title =	 {Duszny kraj. Wybrane utwory z~lat 1962--2012},
  publisher =	 {Biuro Literacke},
  address =	 {Stronie Śląskie},
  year =	 2017,
  edition =	 {I},
  note =	 {Wybór, przekład, komentarze i~posłowie Filip
                  Łobodziński},
}