@Comment #############################################################
@Comment #############################################################
@Comment LITERATURE
@Comment #############################################################
@Comment #############################################################



@Comment #############################################################
@Comment COLLECTIONS OF APHORISM
@Comment #############################################################


@book{ Mickiewicz-Mysli-zdania-i-uwagi-Pub-2000,
  author =	 {Adam Mickiewicz},
  title =	 {Myśli, zdania i~uwagi},
  publisher =	 {Prószyński i~S-ka},
  address =	 {Warszawa},
  year =	 2000,
  edition =	 {I},
}










@Comment #############################################################
@Comment NOVELS
@Comment #############################################################



@Comment ###############################
@Comment XIX AND XX CENTURIES BRITISH NOVELS, IN TRANSLATION
@Comment ###############################


@book{ Chesterton-Czlowiek-ktory-byl-czwartkiem-Pub-2008,
  author =	 {Gilbert Keith Chesterton},
  title =	 {Człowiek, który był czwartkiem},
  publisher =	 {FRONDA PL sp. z~o.o.},
  address =	 {Warszawa},
  year =	 2008,
  edition =	 {I},
}



@book{ Lewis-Dopoki-mamy-twarze-Pub-2010,
  author =	 {C.S. Lewis},
  title =	 {Dopóki mamy twarze. Mit opowiedziany na nowo},
  publisher =	 {Esprit SC},
  address =	 {Kraków},
  year =	 2010,
  edition =	 {I w tej edycji},
  note =	 {Tłum. Albert Gorzkowski},
}



@book{ Tolkien-Hobbit-czyli-tam-i-z-powrotem-Pub-1997,
  author =	 {John Ronald Reuel Tolkien},
  title =	 {Hobbit, czyli tam i~z~powrotem},
  publisher =	 {Iskry},
  address =	 {Warszawa},
  year =	 {1997?},
  edition =	 {XI},
}










@Comment ###############################
@Comment XIX AND XX CENTURIES ENGLISH LANGUAGE NOVELS, IN TRANSLATION
@Comment ###############################


@book{ Wohl-Wlocznia-Pub-2022,
  author =	 {Louis de Wohl},
  title =	 {Włócznia},
  publisher =	 {Wydawnictwo Diecezjalne i~Drukarnia w~Sandomierzu},
  address =	 {Sandomierz},
  year =	 2022,
  edition =	 {IV},
}










@Comment ###############################
@Comment XIX AND XX CENTURIES GERMAN NOVELS, IN TRANSLATION
@Comment ###############################


@book{ Mann-Doktor-Faustus-Pub-2002,
  author =	 {Tomasz Mann},
  title =	 {Doktor Faustus. Żywot niemieckiego kompozytora
                  Adriana Leverk{\"{u}}hna opowiedziany przez jego
                  przyjaciela},
  publisher =	 {Porozumienie Wydawców},
  address =	 {Kraków},
  year =	 2002,
  edition =	 {I},
}










@Comment ###############################
@Comment XIX AND XX CENTURIES JAPANESE NOVELS, IN TRANSLATION
@Comment ###############################


@book{ Endo-Kobieta-Ktora-Porzucilem-Pub-1978,
  author =	 {Shusaku Endo},
  title =	 {Kobieta, którą porzuciłem},
  publisher =	 {Instytut Wydawniczy PAX},
  address =	 {Warszawa},
  year =	 1978,
  edition =	 {I},
  node =	 {Tłum. Izabela Denysenko},
}



@book{ Endo-Milczenie-Pub-1986,
  author =	 {Shusaku Endo},
  title =	 {Milczenie},
  publisher =	 {Instytut Wydawniczy PAX},
  address =	 {Warszawa},
  year =	 1986,
  edition =	 {II},
}










@Comment ###############################
@Comment XIX AND XX CENTURIES POLISH NOVELS
@Comment ###############################


@Comment #####################
@Comment TEODOR PARNICKI'S NOVELS
@Comment #####################


@book{ Parnicki-Kola-Na-Piasku-Pub-1989,
  author =	 {Teodor Parnicki},
  title =	 {Koła na piasku. Powieść z~roku~160 przed narodzeniem
                  Chrystusa},
  publisher =	 {Instytut Wydawniczy PAX},
  address =	 {Warszawa},
  year =	 1989,
  edition =	 {II},
}










@Comment ###############################
@Comment XX AND XXI POLISH NOVELS
@Comment ###############################


@book{ Dukaj-Wroniec-Pub-2009,
  author =	 {Jacek Dukaj},
  title =	 {Wroniec},
  publisher =	 {Wydawnictwo Literackie Sp. z~o.o.},
  address =	 {Kraków},
  year =	 2009,
  edition =	 {I},
}



@book{ Lem-Niezywciezony-Pub-1995,
  author =	 {Stanisław Lem},
  title =	 {Niezwyciężony},
  publisher =	 {Interart},
  address =	 {Warszawa},
  year =	 1995,
  edition =	 {I},
}










@Comment ###############################
@Comment XX AND XXI CENTURIES USA NOVELS, IN TRANSLATION
@Comment ###############################


@book{ Klavan-Zwierzeca-Godzina,
  author =	 {Andrew Klavan},
  title =	 {Zwierzęca godzina},
  publisher =	 {Mocna seria!},
}



@book{ Wolfe-Cien-Kata-Pub-2007,
  author =	 {Gene Wolfe},
  title =	 {Cień kata. Księga Nowego Słońca I},
  publisher =	 {Wydawnictwo >>Książnica<<},
  address =	 {Katowice},
  year =	 2007,
  note =	 {Tłum. Arkadiusz Nakoniecznik},
}










@Comment #############################################################
@Comment POETRY
@Comment #############################################################



@Comment ###############################
@Comment XVI AND XVII CENTURY BRITISH POETRY, IN TRANSLATION
@Comment ###############################


@book{ Baranczak-Antologia-angielskiej-poezji-metafizycznej-Pub-1982,
  author =	 {Stanisław Barańczak},
  title =	 {Antologia angielskiej poezji metafizycznej XVII
                  stulecia},
  publisher =	 {Państwowy Instytytu Wydawniczy},
  address =	 {Warszawa},
  year =	 1982,
  edition =	 {I},
}










@Comment ###############################
@Comment XVIII AND XIX CENTURY MOSCOVIA POETRY, IN TRANSLATION
@Comment ###############################


@book{ Lermontow-Poezje-Wybrane-Pub-1981,
  author =	 {Michaił Lermontow},
  title =	 {Poezje wybrane},
  publisher =	 {Państwowy Instytytu Wydawniczy},
  address =	 {Warszawa},
  year =	 1981,
  edition =	 {I},
  series =	 {Biblioteka poetów},
  note =	 {Wyboru dokonał i~wstępem opatrzył Zbigniew
                  Bieńkowski},
}










@Comment ###############################
@Comment XVIII AND XIX CENTURY, POLISH POETRY
@Comment ###############################










@Comment ###############################
@Comment XIX AND XX CENTURY, POLISH POETRY
@Comment ###############################


@book{ Brandstaetter-Wiersze-i-poematy-Pub-2003,
  author =	 {Roman Brandstaetter},
  title =	 {Wiersze i~poematy},
  publisher =	 {Wydawnictwo M},
  address =	 {Kraków},
  year =	 2003,
  series =	 {Roman Brandstaetter, dzieła zebrane},
}



@book{ Iwaszkiewicz-Wiersze-Tom-I-Pub-1977,
  author =	 {Jarosław Iwaszkiewicz},
  title =	 {Wiersze},
  publisher =	 {Czytelnik},
  address =	 {Warszawa},
  year =	 1977,
  edition =	 {I},
  volume =	 {I},
}



@book{ Lechon-Poezje-Pub-1973,
  author =	 {Jan Lechoń},
  title =	 {Poezje},
  publisher =	 {Państwowy Instytut Wydawniczy},
  address =	 {Warszawa},
  year =	 1973,
  edition =	 {II},
}










@Comment ###############################
@Comment XX AND XXI CENTURY, POLISH POETRY
@Comment ###############################


@book{ Dopart-Na-powrot-Wiesze-Pub-2022,
  author =	 {Bogusław Dopart},
  title =	 {Na~powrót. Wiersze},
  publisher =	 {Biały Kruk},
  address =	 {Kraków},
  year =	 2022,
  edition =	 {I},
}



@book{ Rymkiewicz-Cicho-ciszej-Pub-2003,
  author =	 {Jarosław Marek Rymkiewicz},
  title =	 {Cicho ciszej. Wybrane wiersze z~lat 1963--2002},
  publisher =	 {Sic!},
  address =	 {Warszawa},
  year =	 2003,
  edition =	 {I},
}










@Comment #############################################################
@Comment SHORT STORIES
@Comment #############################################################



@Comment #############################################################
@Comment XX AND XXI CENTURY POLISH SHORT STORIES
@Comment #############################################################


@book{ Lem-Dzienniki-gwiazdowe-Wydanie-rozszerzone-Pub-1982,
  author =	 {Stanisław Lem},
  title =	 {Dzienniki gwiazdowe. Wydanie rozszerzone},
  publisher =	 {Wydawnictwo Literackie},
  address =	 {Kraków},
  year =	 1982,
  edition =	 {I~rozszerzone},
}



@book{ Wildstein-Przyszlosc-z-ograniczona-odpowiedzialnoscia-Pub-2010,
  author =	 {Bronisław Wildstein},
  title =	 {Przyszłość z~ograniczoną odpowiedzialnością},
  publisher =	 {Wydawnictwo~M},
  address =	 {Kraków},
  year =	 2010,
  edition =	 {II},
}










@Comment #############################################################
@Comment SHAMELESS PROPAGANDA
@Comment #############################################################


@book{ Mickiewicz-Ksiega-narodu-polskiego-ETC-Pub-2004,
  author =	 {Adam Mickiewicz},
  title =	 {Księgi narodu polskiego i~pielgrzymstwa polskiego},
  publisher =	 {Zakład Narodowy im.~Ossolińskich},
  address =	 {Wrocław},
  year =	 2004,
}










@Comment #############################################################
@Comment SONGS
@Comment #############################################################


@Comment ###############################
@Comment XX AND XXI CENTURY USA SONGS, IN TRANSLATION
@Comment ###############################


@book{ Dylan-Duszny-kraj-Pub-2017,
  author =	 {Bob Dylan},
  title =	 {Duszny kraj. Wybrane utwory z~lat 1962--2012},
  publisher =	 {Biuro Literacke},
  address =	 {Stronie Śląskie},
  year =	 2017,
  edition =	 {I},
  note =	 {Wybór, przekład, komentarze i~posłowie Filip
                  Łobodziński},
}