@Comment #############################################################
@Comment #############################################################
@Comment #############################################################
@Comment LITERARY STUDIES, ARTICLES
@Comment #############################################################
@Comment #############################################################
@Comment #############################################################




@Comment #############################################################
@Comment #############################################################
@Comment MYTHLORE: A JOURNAL OF J.R.R. TOLKIEN, C.S. LEWIS,
@Comment CHARLES WILLIAMS, AND MYTHOPOEIC, ARTICLES
@Comment #############################################################
@Comment #############################################################



@article{ BergvallAMythRetold1984,
  author =	 {\r{A}ke Bergvall},
  title =	 {A~Myth Retold: C.S. Lewis' \textit{Till We Have Faces}},
  journal =	 {Mythlore: A Journal of J.R.R. Tolkien, C.S. Lewis,
                  Charles Williams, and Mythopoeic},
  year =	 1984,
  volume =	 11,
  number =	 1,
  pages =	 {2--12},
}
