@Comment #############################################################
@Comment #############################################################
@Comment LITERARY STUDIES, BOOKS
@Comment #############################################################
@Comment #############################################################



@book{ Burzynska-Markowski-Teorie-Literatury-ETC-Pub-2009,
  author =	 {Anna Burzyńska and Michał Paweł Markowski},
  title =	 {Teorie literatury XX~wieku. Podręcznik},
  publisher =	 {Wydawnictwo Znak},
  address =	 {Kraków},
  year =	 2009,
  edition =	 {I, dodruk},
}



@book{ Chrzanowski-Interpretacje-Wierszy-ETC-Pub-2003,
  author =	 {Maciej Chrzanowski},
  title =	 {Interpretacje wierszy dla~klas licealnych},
  publisher =	 {Wydawnictwo SKRYPT},
  address =	 {Warszawa},
  year =	 2003,
}



@book{ Chrzastowska-Wysoluch-Poetyka-Stosowana,
  author =	 {B. Chrząstowska and S. Wysołuch},
  title =	 {Poetyka stosowana},
  publisher =	 {Wydawnictwo Szkolne i~Pedagogiczne Spółka Akcyjna},
  address =	 {Warszawa},
  year =	 {2000?},
  edition =	 {I},
}



@book{ Kuby-Harry-Potter-ETC-Pub-2006,
  author =	 {Gabriele Kuby},
  title =	 {Harry Potter~-- dobry czy~zły?},
  publisher =	 {POLWEN~-- Polskie Wydawnictwo Encyklopedyczne},
  address =	 {Radom},
  year =	 2006,
  edition =	 {I},
}










@Comment #############################################################
@Comment ANALYSIS OF LITERATURE
@Comment #############################################################


@book{ Bizan-Hertz-Glosy-do-Balladyny-Pub-1970,
  author =	 {Marian Bizan and Paweł Hertz},
  title =	 {Glosy do „Balladyny”},
  publisher =	 {Państwowy Instytut Wydawniczy},
  address =	 {Warszawa},
  year =	 1970,
}



@book{ Bizan-Hertz-Glosy-do-Kordiana-Pub-1972,
  author =	 {Marian Bizan and Paweł Hertz},
  title =	 {Glosy do „Kordiana”},
  publisher =	 {Państwowy Instytut Wydawniczy},
  address =	 {Warszawa},
  year =	 1972,
  edition =	 {II},
}



@book{ Chrzastowska-Wysoluch-Wiadomosci-z-teorii-literatury-Pub-1974,
  author =	 {B. Chrząstowska and S. Wysołuch},
  title =	 {Wiadomości z~teorii literatury w~analizie
                  literackiej},
  publisher =	 {Wydawnictwo Szkolne i Pedagogiczne},
  year =	 1974,
  edition =	 {I},
}



@book{ Dopart-Poemat-profetyczny-Pub-2002,
  author =	 {Bogusław Dopart},
  title =	 {Poemat profetyczny. O~„Dziadach” drezdeńskich Adama
                  Mickiewicza},
  publisher =	 {Księgarnia Akademicka},
  address =	 {Kraków},
  year =	 2002,
  edition =	 {I},
}



@book{ Glowinski-Okopien-Slawinska-Slawinski-Zarys-teorii-ETC-Pub-1991,
  author =	 {M. Głowiński, A. Okopień-Sławińska, J. Sławiński},
  title =	 {Zarys teorii literatury},
  publisher =	 {Wydawnictwa Szkolne i Pedagogiczne},
  year =	 1991,
  edition =	 {VI -- poprawione},
}



@book{ Grajewska-Zaglada-i-gwiazdy-Pub-2017,
  author =	 {Agnieszka Grajewska},
  title =	 {Zagłada i~gwiazdy. Przeszłość w~prozie Stanisława
                  Lema},
  publisher =	 {Wydawnictwo Naukowe~UAM},
  address =	 {Poznań},
  year =	 2017,
  edition =	 {I},
}



@book{ Stoch-Gender-na-lekcjach-polskiego-Pub-2015,
  author =	 {Magdalena Stoch},
  title =	 {Gender na~lekcjach polskiego},
  publisher =	 {Wydawnictwo Edukacyjne},
  address =	 {Kraków},
  year =	 2015,
  edition =	 {I},
}










@Comment #############################################################
@Comment ESSAYS AND PUBLICISTICS ON LITERATURE
@Comment #############################################################


@book{ Parnicki-Szkice-literackie-Pub-1979,
  author =	 {Teodor Parnicki},
  title =	 {Szkice literackie},
  publisher =	 {Instytut Wydawniczy PAX},
  address =	 {Warszawa},
  year =	 1975,
  edition =	 {I},
}



@book{ Tolkien-Potwory-i-krytycy-ETC-Pub-2010,
  author =	 {John Roland Reuel Tolkien},
  title =	 {Potwory i~krytycy oraz inne eseje},
  publisher =	 {vis-{\`{a}}-vis/Etiuda},
  address =	 {Kraków},
  year =	 2010,
  note =	 {Przełożył z~angielskiego Robert Stiller},
}










@Comment #############################################################
@Comment POLISH LITERATURE
@Comment #############################################################


@book{ Red-Grzeszczuka-Niewolak-Krzywda-Arcydziela-ETC-Tom-II-Pub-1988,
  editor =	 {Red. S. Grzeszczuka and A. Niewolak-Krzywda},
  title =	 {Arcydzieła literatury polskiej},
  publisher =	 {Krajowa Agencja Wydawnicza},
  address =	 {Rzeszów},
  year =	 1988,
  volume =	 {II},
}



@book{ Glowinski-Style-odbioru-ETC-Pub-1977,
  author =	 {M. Głowiński},
  title =	 {Style odbioru},
  publisher =	 {Wydawnictwa Literackie},
  year =	 1977,
  edition =	 {I},
}



@book{ Kaniewska-Legezynska-Sliwinski-Literatura-polska-XX-wieku-Pub-2005,
  author =	 {B. Kaniewska and A. Legeżyńska and P. Śliwiński},
  title =	 {Literatura polska XX wieku},
  publisher =	 {Wydawnictwo Poznańskie},
  address =	 {Poznań},
  year =	 2005,
}



@book{ Sokolowski-Krol-Duch-Juliusza-Slowackiego-ETC-Pub-2004,
  author =	 {Mikołaj Sokołowski},
  title =	 {„Król Duch” Juliusza Słowackiego a~epopeja
                  słowiańska},
  publisher =	 {Instytut Badań Literackich PAN},
  address =	 {Warszawa},
  year =	 2004,
  edition =	 {I},
}










@Comment #############################################################
@Comment RUSSIAN LITERATURE
@Comment #############################################################


@Comment ###############################
@Comment SYNTHESIS OF RUSSIAN LITERATURE
@Comment ###############################


@book{ Baranski-Semczuk-Literatura-rosyjska-w-zarysie-Vol-I-Pub-1986,
  editor =	 {Red. Zbigniew Barański and Antoni Semczuk},
  title =	 {Literatura rosyjska w~zarysie},
  publisher =	 {Państwowe Wydawnictwo Naukowe},
  year =	 1986,
  edition =	 {III},
  volum =	 {I},
}










@Comment #############################################################
@Comment ROMANTIC LITERATURE
@Comment #############################################################


@book{ Kowalczykowa-Slowacki-Pub-1999,
  author =	 {A. Kowalczykowa},
  title =	 {Słowacki},
  publisher =	 {Wydawnictwo Naukowe PWN},
  year =	 1999,
  edition =	 {II -- uzupełnione},
}



@book{ Sztruc-Faust-Goethego-Pub-1995,
  author =	 {W. Sztruc},
  title =	 {Faust Goethego. Ku antropologii romantycznej},
  address =	 {Kraków},
  year =	 1995,
  edition =	 {I},
}



@book{ Red-Zmigrodzka-Problemy-polskiego-romantyzmu-Seria-druga-Pub-1974,
  editor =	 {M. Żmigrodzka},
  title =	 {Problemy polskiego romantyzmu. Seria druga},
  publisher =	 {Wydawnictwo Polskiej Akademii Nauk},
  year =	 1974,
}



@book{ Red-Zmigrodzka-Problemy-polskiego-romantyzmu-Seria-trzecia-Pub-1981,
  editor =	 {M. Żmigrodzka},
  title =	 {Problemy polskiego romantyzmu. Seria trzecia},
  publisher =	 {Wydawnictwo Polskiej Akademii Nauk},
  year =	 1981,
  edition =	 {I},
}










@Comment #############################################################
@Comment LITERATURE STUDIES, SYNTHESIS
@Comment #############################################################


@book{ Lewis-Odrzucony-obraz-Pub-2008,
  author =	 {C.S. Lewis},
  title =	 {Odrzucony obraz. Wprowadzenie do~literatury
                  średniowiecznej i~renesansowej},
  publisher =	 {Wydawnictwo ZNAK},
  address =	 {Kraków},
  year =	 2008,
  edition =	 {II},
  note =	 {Tłum. Witold Ostrowski},
}










@Comment #############################################################
@Comment WRITERS
@Comment #############################################################


@book{ Rogalski-Tomasz-Mann-Pub-1975,
  author =	 {Aleksander Rogalski},
  title =	 {Tomasz Mann. Dzieje rozwoju osobowości twórczej},
  publisher =	 {Instytut Wydawniczy PAX},
  address =	 {Warszawa},
  year =	 1975,
  edition =	 {I},
}



@book{ Winsnes-Sigrid-Undset-Pub-1959,
  author =	 {A. H. Winsnes},
  title =	 {Sigrid Undset},
  publisher =	 {Instytut Wydawniczy PAX},
  year =	 1959,
  edition =	 {I},
}










@Comment #############################################################
@Comment INTERPRETATION AND ANALYSIS OF LITERATURE
@Comment #############################################################



@Comment ###############################
@Comment INTERPRETATION AND ANALYSIS OF POETRY
@Comment ###############################


@book{ Red-Stelmaszczy-Cieslak-Poezje-Boleslawa-Lesmiana-ETC-Pub-2000,
  author =	 {Red. Barbara Stelmaszczyk and Tomasz Cieślak},
  title =	 {Poezje Bolesława Leśmiana. Interpretacje},
  publisher =	 {Universitas},
  address =	 {Kraków},
  year =	 2000,
  edition =	 {I},
}
