@Comment #############################################################
@Comment #############################################################
@Comment Literary studies, articles
@Comment #############################################################
@Comment #############################################################




@Comment #############################################################
@Comment Mythlore: a Journal of J.R.R. Tolkien, C.S. Lewis,
@Comment Charles Williams, and Mythopoeic
@Comment #############################################################


@article{ Bergvall-A-Myth-Retold-1984,
  author =	 {\r{A}ke Bergvall},
  title =	 {A~Myth Retold: C.S. Lewis' \textit{Till We Have Faces}},
  journal =	 {Mythlore: A Journal of J.R.R. Tolkien, C.S. Lewis,
                  Charles Williams, and Mythopoeic},
  year =	 1984,
  volume =	 11,
  number =	 1,
  pages =	 {2--12},
}










@Comment #############################################################
@Comment "Pamiętnik literacki" journal
@Comment #############################################################


@article{ Inglot-Norwidowska-Lektura-Pana-Tadeusza-1984,
  author =	 {Mieczysław Inglot},
  title =	 {Norwidowska lektura „Pana Tadeusza”},
  journal =	 {Pamiętnik Literacki},
  year =	 1984,
  volume =	 75,
  number =	 3,
  pages =	 {27--50},
}










@Comment #############################################################
@Comment #############################################################
@Comment Hard to classify
@Comment #############################################################
@Comment #############################################################


@article{ Kalinowska-Dostojewski-i-Polacy-1994,
  author =	 {Izabela Kalinowska},
  title =	 {Dostojewski i~Polacy},
  journal =	 {Teksty Drugie},
  year =	 1994,
  number =	 1,
  pages =	 {59--67},
}