@Comment #############################################################
@Comment #############################################################
@Comment PARTIAL DIFFERENTIAL EQUATION, BOOKS
@Comment #############################################################
@Comment #############################################################


@book{ AmbrosioDancerCalculusOfVariationsAndPartialDifferentialEquations,
  author =	 {L. Ambrosio, N. Dancer},
  title =	 {Calculus of Variations and Partial Differential
                  Equations. Topics on Geometrical Evolution Problems
                  and Degree Theory},
  publisher =	 {Springer-Verlag},
  address =	 {Berlin Heidelberg GmbH},
  year =	 1999,
  edition =	 {I},
  note =	 {Edited by G. Buttazzo, A. Mariano, M. K. V. Murthy},
}



@book{ EvansRowaniaRozniczoweCzastkowe2008,
  author =	 {L. C. Evans},
  title =	 {Równania różniczkowe cząstkowe},
  publisher =	 {Wydawnictwo Naukowe PWN},
  address =	 {Warszawa},
  year =	 2008,
  edition =	 {I},
}



@book{ HormanderAnalysisPartialDifferentialOperators1983,
  author =	 {Lars H{\"{o}}rmander},
  title =	 {The~Analysis~of Linear Partial Differential
		  Operators~I. Distributon Theory and~Fourier
		  Analysis},
  address =	 {{}},
  publisher =	 {Springer},
  year =	 1983,
  edition =	 {I},
}



@book{ MarcinkowskaWstepRownanRozniczkowychCzastkowych1986,
  author =	 {Hanna Marcinkowska},
  title =	 {Wstęp do~teorii równań różniczkowych cząstkowych},
  publisher =	 {Państwowe Wydawnictwo Naukowe},
  address =	 {Warszawa},
  edition =	 {II~-- zmienione},
  year =	 1986,
  series =	 {Biblioteka Matematyczna},
  number =	 43,
}



@book{ StrzeleckiKrotkieWprowadzenieETC2006,
  author =	 {P. Strzelecki},
  title =	 {Krótkie wprowadzenie do~równań różniczkowych
		  cząstkowych},
  publisher =	 {Wydawnictwo Uniwersytetu Warszawskiego},
  address =	 {Warszawa},
  year =	 2006,
  edition =	 {I},
}



@book{ SzmydtTransformacjaFourieraIRownaniaRozniczkoweLiniowe1972,
  author =	 {Zofia Szmydt},
  title =	 {Transformacje Fourier i~równania różniczkowe
                  liniowe},
  publisher =	 {Państwowe Wydawnictwo Naukowe},
  address =	 {Warszawa},
  year =	 1972,
  edition =	 {I},
  series =	 {Biblioteka Matematyczna},
  number =	 44,
}



@book{ TaylorPartialDifferentialEquationsBasicTheoryVolI1996,
  author =	 {M. E. Taylor},
  title =	 {Partial differential equations. Basic theory},
  publisher =	 {Springer},
  address =	 {{}},
  year =	 1996,
  edition =	 {{}},
  volume =	 {I},
}










@Comment #############################################################
@Comment #############################################################
@Comment GENERAL PARTIAL DIFFERENTIAL EQUATION, BOOKS
@Comment #############################################################
@Comment #############################################################


@book{ AbrosioEtAlCalculusOfVariationsAndNonLinearPDF2008,
  author =	 {Ambrosio, Luigi and Caffarelli, Luis and Crandall,
		  Michael~G. and Evans, Lawrence~C. and Fusco, Nicola},
  title =	 {Calculus~of Variations and~Non-Linear Partial
		  Differential Equations},
  publisher =	 {Springer},
  address =	 {Berlin, Heidelberg},
  year =	 2008,
  edition =	 {I},
  series =	 {Lecture Notes in~Mathematics},
  number =	 1927,
}






























@Comment #############################################################
@Comment THEORY OF DISTRIBUTIONS, BOOKS
@Comment #############################################################


@book{ GelfandShilovGeneralizedFunctionsVolI1964,
  author =	 {I. M. Gelfand and G. V. Shilov},
  title =	 {Generalized Functions. Volume~I: Properties
		  and~Operations},
  publisher =	 {Academic Press},
  address =	 {New York and London},
  year =	 1964,
}



@book{ ZemanianTeoriaDystrybucji1969,
  author =	 {Armen H.~Zemanian},
  title =	 {Teoria dystrybucji i~analiza transformat},
  publisher =	 {Państwowe Wydawnictwo Naukowe},
  address =	 {Warszawa},
  edition =	 {I},
  year =	 1969,
}





















@Comment #############################################################
@Comment NONLINEAR FUNCTIONAL ANALYSIS, BOOKS
@Comment #############################################################


@book{ ZeidlerNonlinearFunctionalAnalysisVolIIA,
  author =	 {Eberhard Zeidler},
  title =	 {Nonlinear Functional Analysis and~its Applications.
		  II/A:~Linear Monotone Operators},
  publisher =	 {Springer},
  address =	 {New York, Berlin, Heidelberg, Barcelona, Budapest,
		  Hong Kong, London, Milan, Paris, Santa Clara,
		  Singapore, Tokyo},
  year =	 1990,
  edition =	 {I},
}










@Comment #############################################################
@Comment #############################################################
@Comment DIFFERENTIAL GEOMETRY, BOOKS
@Comment #############################################################
@Comment #############################################################


@book{ BoothbyIntroductionToDifferentiableManifolds1986,
  author =	 {William M. Boothby},
  title =	 {An~Introduction to~Differentiable Manifolds
		  and~Riemannian Geometry},
  publisher =	 {Academic Press, Inc.},
  address =	 {San Diego-New
  York-Berkley-Boston-London-Sydney-Tokyo-Toronto},
  year =	 1986,
  edition =	 {II},
}



@book{ GancarzewiczOpozdaWstepDoGeometriiRozniczkowej2003,
  author =	 {Jacek Gancarzewicz and Barbara Opozda},
  title =	 {Wstęp do~geometrii różniczkowej},
  publisher =	 {Wydawnictwo Uniwersytetu Jagiellońskiego},
  address =	 {Kraków},
  year =	 2003,
  edition =	 {I},
}



@book{ GancarzewiczZarysWspolczesnejGeometriiRozniczkowej2010,
  author =	 {Jacek Gancarzewicz},
  title =	 {Zarys współczesnej geometrii różniczkowej},
  publisher =	 {SCRIPT},
  address =	 {Warszawa},
  year =	 2010,
  edition =	 {I},
}



@book{ GdowskiElementGeometriiRozniczkowejZZadaniami1999,
  author =	 {Bogusław Gdowski},
  title =	 {Elementy geometrii różniczkowej z~zadaniami},
  publisher =	 {Oficyna Wydawnicza Politechniki Warszawskiej},
  address =	 {Warszawa},
  year =	 1999,
  edition =	 {IV},
}



@book{ SokolowskiElementyAnalizyTensorowej2010,
  author =	 {Leszek M. Sokołowski},
  title =	 {Elementy analizy tensorowej},
  publisher =	 {Wydawnictwo Uniwersytetu Warszawskiego},
  address =	 {Warszawa},
  year =	 2010,
  edition =	 {I},
}



@book{ FlandersTeoriaFormRozniczkowych1969,
  author =	 {H. Flanders},
  title =	 {Teoria form różniczkowych},
  publisher =	 {Państwowe Wydawnictwo Naukowe},
  address =	 {Warszawa},
  year =	 1969,
  edition =	 {I},
}



@book{ LeeIntroductionToSmoothManifolds2013,
  author =	 {John M. Lee},
  title =	 {Introduction to~Smooth Manifolds},
  publisher =	 {Springer},
  address =	 {New York, Heidelberg, Dordrechet, London},
  year =	 2013,
  edition =	 {II},
  series =	 {Graduate Texts in~Mathematics},
  number =	 218,
}










@Comment #############################################################
@Comment THEORY OF LIE GROUPS, BOOKS
@Comment #############################################################


@book{ WojtynskiGrupyIAlgebryLiego1986,
  author =	 {Wojciech Wojtyński},
  title =	 {Grupy i~algebry Liego},
  publisher =	 {Państowe Wydawnictwo Naukowe},
  address =	 {Warszawa},
  year =	 1986,
  edition =	 {I},
  series =	 {Biblioteka matematyczna},
  volume =	 60,
}









@Comment #############################################################
@Comment #############################################################
@Comment NONCOMMUTATIVE GEOMETRY, BOOKS
@Comment #############################################################
@Comment #############################################################


@book{ GraciaBondiaVarillyFigueroaNoncommutativeGeometry,
  author =	 {Jos\'{e} M.~Gracia-Bond\'{i}a and Joseph
		  C.~V\'{a}rilly and H\'{e}ctor Figueroa},
  title =	 {Elements~of Noncommutative Geometry},
  publisher =	 {{}},
  address =	 {{}},
  year =	 {{}},
}










@Comment #############################################################
@Comment #############################################################
@Comment MATHEMATICS WORKBOOKS
@Comment #############################################################
@Comment #############################################################


@book{ DrobkaSzymanskiZbiorZadan1993,
  author =	 {N. Dróbka, K. Szymański},
  title =	 {Zbiór zadań z~matematyki},
  publisher =	 {Wydawnictwo Szkolne i~Pedagogiczne},
  address =	 {Warszawa},
  year =	 1993,
  edition =	 {III},
}



@book{ EhrenfeuchtStandeAlgebraDlaKlasyII1987,
  author =	 {Aniela Ehrenfeucht and Olga Stande},
  title =	 {Algebra dla~klasy~II liceum ogólnokształcącego,
		  liceum zawodowego i~technikum},
  publisher =	 {Wydawnictwo Szkolne i~Pedagogiczne},
  address =	 {Warszawa},
  year =	 1987,
  edition =	 {XVII zmienione},
}



@book{ Steinhaus100Zadan1993,
  author =	 {Hugo Steinhaus},
  title =	 {Sto zadań},
  publisher =	 {PHU „DIP”},
  address =	 {Warszawa},
  year =	 1993,
  edition =	 {{}},
  series =	 {Klasyka Matematyki},
}




















@Comment #############################################################
@Comment MULTIFIELDS BOOKS
@Comment #############################################################


@book{ ZakowskiLeksinskiLMatematykaVolIV1978,
  author =	 {W. Zakowski, W. Leksinski},
  title =	 {Matematyka. Część IV},
  publisher =	 {Wydawnictwo Naukowo-Techniczne},
  address =	 {Warszawa},
  year =	 1978,
  edition =	 {V~-- poprawione},
}
@Comment author =	 {W. Żakowski, W. Leksiński},










@Comment #############################################################
@Comment VERY SIMPLE BOOKS ABOUT MATHEMATICS
@Comment #############################################################


@book{ AczelWielkieTwierdzenieFermata1998,
  author =	 {Amir D.~Aczel},
  title =	 {Wielkie twierdzenie Fermata. Rozwiązanie zagadki
                  starego matematycznego problemu},
  publisher =	 {Prószyński i~S-ka},
  address =	 {Warszawa},
  year =	 1998,
  edition =	 {I},
  series =	 {Na ścieżkach nauki},
  note =	 {Tłum. Paweł Strzelecki},
}



@book{ SautoyPokerZPitagorasem2012,
  author =	 {Marcus du~Sautoy},
  title =	 {Poker z~Pitagorasem},
  publisher =	 {carta blanca},
  address =	 {Warszawa},
  year =	 2012,
  edition =	 {I},
  note =	 {Tłum. Adam Bukowski, Jacek Środa},
}










@Comment #############################################################
@Comment #############################################################
@Comment NUMERICAL ANALYSIS AND METHODS, BOOKS
@Comment #############################################################
@Comment #############################################################



@Comment #############################################################
@Comment NUMERICAL ANALYSIS, BOOKS
@Comment #############################################################


@book{ RalstonWstepDoAnalizyNumerycznej1983,
  author =	 {Anthony Ralston},
  title =	 {Wstęp do~analizy numerycznej},
  publisher =	 {Państwowe Wydawnictwo Naukowe},
  address =	 {Warszawa},
  year =	 1983,
  edition =	 {III},
  note =	 {Z~angielskiego tłumaczył Roman Zuber, wydanie
                  polskie opracował Stefan Paszkowski},
}










@Comment #############################################################
@Comment NUMERICAL METHODS, BOOKS
@Comment #############################################################










@Comment #############################################################
@Comment #############################################################
@Comment #############################################################
@Comment MATHEMATICS AND COMPUTER SCIENCE, BOOKS
@Comment #############################################################
@Comment #############################################################
@Comment #############################################################


























































































@Comment #############################################################
@Comment HARD TO CLASSIFY, BOOKS
@Comment #############################################################


@book{ KimFunctionaDifferentialEquations1999,
  author =	 {A.~V.~Kim},
  title =	 {Functional Differential Equations. Application~of
                  $i$-smooth Calculus},
  publisher =	 {Springer},
  address =	 {{}},
  year =	 1999,
  edition =	 {I},
  series =	 {Mathematics and~Its Applications},
  number =	 479,
}
