@Comment #############################################################
@Comment #############################################################
@Comment Mathematics, articles
@Comment #############################################################
@Comment #############################################################



@Comment #############################################################
@Comment Differential geometry
@Comment #############################################################


@article{ Biswas-et-al-On-Formality-of-Kahler-Orbifolsd-and-ETC-2014,
  author =	 {Indranil Biswas, Marisa Ferna{\'{a}}ndez, Vicente
                  Mu{\~{n}}oz, and Aleksy Tralle},
  title =	 {On~Formality~of K{\"{a}}hler Orbifolds and~Sasakian
                  Manifold},
  journal =	 {{}},
  year =	 2014,
  archivePrefix ={arXiv},
  eprint =	 {1402.6861},
  primaryClass = {math.DG},
}



@article{ Hitchin-Moduli-Space-of-special-Lagrangian-submanifolds-ETC-1997,
  author =	 {Nigel Hitchin},
  title =	 {The moduli space of special Lagrangian submanifolds},
  journal =	 {Annali Scuola Sup. Norm. Pisa Sci. Fis. Mat.},
  year =	 1997,
  volume =	 25,
  pages =	 {503--515},
  archivePrefix ={arXiv},
  eprint =	 {9711002v1},
  primaryClass = {math.DG},
}










@Comment #############################################################
@Comment Differentials forms
@Comment #############################################################


@article{ Harrsion-Stokes-theorem-for-nonsmooth-chains-1993,
  author =	 {Jenny Harrison},
  title =	 {Stokes' theorem for nonsmooth chains},
  journal =	 {Bull. Amer. Math. Soc. (N. S.)},
  year =	 1993,
  volume =	 29,
  issue =	 2,
  pages =	 {235--242},
  archivePrefix ={arXiv},
  eprint =	 {93102311},
  primaryClass = {math.DG},
}










@Comment #############################################################
@Comment Dynamical systems
@Comment #############################################################


@article{ Avila-Moreira-Bifurcation-of-Unimodal-Maps-2003,
  author =	 {Artur Avila and Carlos Gustavo Moreira},
  title =	 {Bifurcation of Unimodal Maps},
  journal =	 {{}},
  year =	 2003,
  archivePrefix ={arXiv},
  eprint =	 {math/0306157},
  primaryClass = {math.DS},
}










@Comment #############################################################
@Comment Ergodic theory
@Comment #############################################################










@Comment #############################################################
@Comment Foundations of mathematics
@Comment #############################################################



@Comment ###############################
@Comment Univalence foundations program and homotopy type theory
@Comment ###############################


@article{ Pelayo-Warren-Homotopy-type-theory-and-Voevodskys-ETC-2012,
  author =	 {\'{A}lvaro Pelayo and Michael A. Warren},
  title =	 {Homotopy type theory and Voevodsky's univalent
                  foundations},
  journal =	 {{}},
  year =	 2012,
  archivePrefix ={arXiv},
  eprint =	 {1210.5658},
  primaryClass = {math.LO},
}



@article{ Awodey-Pelayo-Warren-Voevodskys-Univalence-Axiom-ETC-2013,
  author =	 {Steve Awodey and \'{A}lvaro Pelayo and Michael A. Warren},
  title =	 {Voevodsky's univalence axiom in homotopy type theory},
  journal =	 {{}},
  year =	 2013,
  archivePrefix ={arXiv},
  eprint =	 {1302.4731},
  primaryClass = {math.HO},
}



@article{ Shulman-Homotopy-Type-Theory-ETC-2016,
  author =	 {Michael Shulman},
  title =	 {Homotopy Type Theory: A~synthetic approach to higher
                  equalites},
  journal =	 {{}},
  year =	 2016,
  archivePrefix ={arXiv},
  eprint =	 {1601.05035},
  primaryClass = {math.LO},
}










@Comment #############################################################
@Comment Functional analysis
@Comment #############################################################


@article{ Gowers-Maurey-Unconditional-basic-sequence-problem-1992,
  author =	 {W. T. Gowers and Bernard Maurey},
  title =	 {The~unconditional basic sequence problem},
  journal =	 {{}},
  year =	 1992,
  archivePrefix ={arXiv},
  eprint =	 {9205204},
  primaryClass = {math.FA},
}










@Comment #############################################################
@Comment Mathematical analysis including calculus
@Comment #############################################################



@Comment ###############################
@Comment XIX-century school of calculus
@Comment ###############################


@article{ Baron-Wesolowski-From-invariance-under-binomial-ETC-2021,
  author =	 {Karol Baron and Jacek Wesołowski},
  title =	 {From invariance under binomial thinnig to
                  unification~of the~Cauchy and the
                  Gołąb-Schinzel-type equations},
  journal =	 {{}},
  year =	 2021,
  archivePrefix ={arXiv},
  eprint =	 {2106.08665},
  primaryClass = {math.CA},
}










@Comment ###############################
@Comment Functions on real domains, special functions, etc.
@Comment ###############################


@article{ Piyadasa-Arachchi-Exact-Formula-for-the-Sum-ETC-2008,
  author =	 {R. A. D. Piyadasa and D. K. Mallawa Arachchi},
  title =	 {Exact Formula for the~Sum~of The~Squares~of
                  the~Bessel Function and~the~Neumann Function~of
                  the~Same Order of Half-Odd Integer},
  journal =	 {J Sci. Univ. Kelaniya},
  year =	 2008,
  volume =	 4,
  pages =	 {15--20},
}










@Comment ###############################
@Comment Measure theory
@Comment ###############################










@Comment #############################################################
@Comment Minimal surfaces
@Comment #############################################################


@article{ Marques-Neves-Min-Max-theory-and-the-Willmore-conjecture-2014,
  author =	 {Fernando C. Marques and Andr\acute{e} Neves},
  title =	 {Min-Max theory and~the~Willmore conjecture},
  journal =	 {Annals~of Mathematics},
  year =	 2012,
  volume =	 179,
  issue =	 2,
  pages =	 {683--782},
  archivePrefix ={arXiv},
  eprint =	 {1202.6036},
  primaryClass = {math-DG},
}










@Comment #############################################################
@Comment Noncommutative geometry
@Comment #############################################################


@article{ Connes-A-Short-Survey-of-Noncommutative-Geometry-2000,
  author =	 {Alain Connes},
  title =	 {A~Short Survey~of Noncommutative Geometry},
  journal =	 {J. Math. Phys.},
  year =	 2000,
  volume =	 41,
  pages =	 {3832--3866},
  archivePrefix ={arXiv},
  eprint =	 {0003006},
  primaryClass = {hep-th},
}



@article{ Howland-On-the-Kato-Rosenblum-Theorem-1986,
  author =	 {James S. Howland},
  title =	 {On the Kao-Rosenblum Theorem},
  journal =	 {Pacific Journal of Mathematics},
  year =	 1986,
  volume =	 123,
  number =	 2,
  pages =	 {329--335},
}










@Comment #############################################################
@Comment Partial differential equations
@Comment #############################################################


@article{ Inci-On-the-Well-posedness-ETC-2013,
  author =	 {Hans Inci},
  title =	 {On~the~Well-posedness~of the~Incompressible Euler
                  Equation},
  journal =	 {{}},
  year =	 2013,
  archivePrefix ={arXiv},
  eprint =	 {1301.5597},
  primaryClass = {math.AP},
  note =	 {PhD thesis},
}










@Comment #############################################################
@Comment Stochastic partial differential equations
@Comment #############################################################


@article{ Duch-Flow-equation-approach-ETC-2021,
  author =	 {Paweł Duch},
  title =	 {Flow equation approach to singular stochastic PDEs},
  journal =	 {{}},
  year =	 2021,
  archivePrefix ={arXiv},
  eprint =	 {2109.11380},
  primaryClass = {math.PR},
  doi =		 {https://doi.org/10.48550/arXiv.2109.11380},
}










@Comment #############################################################
@Comment Programs of mathematical investigations
@Comment #############################################################



@Comment ###############################
@Comment Erlangen program
@Comment ###############################


@article{ Kisil-Erlangen-Program-at-Large-Part-II-2007,
  author =	 {Vladimir V. Kisil},
  title =	 {Erlangen Program at~Large~-- 2: Inventing a~wheel.
                  The~parabolic one},
  journal =	 {Trans. Inst. Math. of the NAS of Ukraine},
  year =	 2007,
  volume =	 7,
  issue =	 2,
  pages =	 {89--98},
  archivePrefix ={arXiv},
  eprint =	 {0707.4024},
  primaryClass = {math.GM},
}










@Comment #############################################################
@Comment Theory of operators
@Comment #############################################################


@article{ Wojtylak-On-determining-the-domanin-of-ETC-2011,
  author =	 {Michal Wojtylak},
  title =	 {On~determining the~domain~of the~adjoint operator},
  journal =	 {{}},
  year =	 2011,
  archivePrefix ={arXiv},
  eprint =	 {1102.4969},
  primaryClass = {math.FA},
}










@Comment #############################################################
@Comment Topology
@Comment #############################################################



@Comment ###############################
@Comment Topological groups
@Comment ###############################


@article{ Urbas-On-inductive-and-inverse-limits-of-ETC-2023,
  author =	 {Kamil Urbaś},
  title =	 {On inductive and inverse limits of systems of
                  compact metric spaces and applications},
  journal =	 {Topology and its Applications},
  year =	 2023,
  volume =	 334,
  pages =	 108549,
  issn =	 {0166-8641},
  doi =		 {https://doi.org/10.1016/j.topol.2023.108549},
  url =
                  {https://www.sciencedirect.com/science/article/pii/S0166864123001438},
}










@Comment #############################################################
@Comment Numerical methods
@Comment #############################################################


@article{ Metropolis-et-al-Equation-of-State-Calculation-ETC-1953,
  author =	 {Nicholas Metropolis and Arianna W. Rosenbluth and
                  Marshall N. Rosenbluth and August H. Teller and
                  Edward Telle},
  title =	 {Equation~of State Calculation by~Fast Computing
                  Machines},
  journal =	 {The~Journal~of Chemical Physics},
  year =	 1953,
  volume =	 21,
  pages =	 1087,
  doi =		 {10.1063/1.1699114},
}










@Comment #############################################################
@Comment Science of computing
@Comment #############################################################










@Comment #############################################################
@Comment Hard to classify
@Comment #############################################################


@online{ Chaitin-Randomness-in-arithmetic-ETC-1993,
  author =	 {G.J.~Chaitin},
  title =	 {Randomness in Arithmetic and The~Decilne and~Fall~of
                  Reductionism in~Pure Mathematics},
  year =	 1993,
  doi =		 {https://doi.org/10.48550/arXiv.chao-dyn/9304002},
  archivePrefix ={arXiv},
  eprint =	 9304002,
  primaryClass = {chao-dyn},
}



@online{ Chaitin-The-Limits-of-Mathmetics-Fourth-Version-1994,
  author =	 {G.J.~Chaitin},
  title =	 {The~Limits~of Mathmetics~-- Fourth Version},
  year =	 1994,
  doi =		 {https://doi.org/10.48550/arXiv.chao-dyn/9407009},
  archivePrefix ={arXiv},
  eprint =	 9407009,
  primaryClass = {chao-dyn},
}
