@Comment #############################################################
@Comment #############################################################
@Comment MINIMAL SURFACES, ARTICLES
@Comment #############################################################
@Comment #############################################################


@article{ MarquesNevesMinMaxWillmoreConjecture2014,
  author =	 {Marques, Fernando C. and Neves, Andr\acute{e}},
  title =	 {Min-Max theory and~the~Willmore conjecture},
  journal =	 {Annals~of Mathematics},
  year =	 2012,
  volume =	 179,
  issue =	 2,
  pages =	 {683--782},
  archivePrefix ={arXiv},
  eprint =	 {1202.6036v2},
  primaryClass = {math-DG},
}










@Comment #############################################################
@Comment #############################################################
@Comment NONCOMMUTATIVE GEOMETRY, ARTICLES
@Comment #############################################################
@Comment #############################################################


@article{ ConnesShortSurveyOfNoncommutativeGeometry2000,
  author =	 {Alain Connes},
  title =	 {A~Short Survey~of Noncommutative Geometry},
  journal =	 {J. Math. Phys.},
  year =	 2000,
  volume =	 41,
  pages =	 {3832--3866},
  archivePrefix ={arXiv},
  eprint =	 {0003006v1},
  primaryClass = {hep-th},
}



@article{ HowlandOnTheKatoRosenblumTheorem1986,
  author =	 {James S. Howland},
  title =	 {On the Kao-Rosenblum Theorem},
  journal =	 {Pacific Journal of Mathematics},
  year =	 1986,
  volume =	 123,
  number =	 2,
  pages =	 {329--335},
}






@Comment #############################################################
@Comment #############################################################
@Comment PARTIAL DIFFERENTIAL EQUATIONS, ARTICLES
@Comment #############################################################
@Comment #############################################################


@article{ InciWellPosednessIncompressibleEulerEquation2013,
  author =	 {Hans Inci},
  title =	 {On~the~Well-posedness~of the~Incompressible Euler
                  Equation},
  journal =	 {{}},
  year =	 2013,
  archivePrefix ={arXiv},
  eprint =	 {1301.5597},
  primaryClass = {math.AP},
  note =	 {PhD thesis},
}










@Comment #############################################################
@Comment STOCHASTIC PARTIAL DIFFERENTIAL EQUATIONS, ARTICLES
@Comment #############################################################


@article{ DuchFlowEquationApproachETC2021,
  author =	 {Paweł Duch},
  title =	 {Flow equation approach to singular stochastic PDEs},
  journal =	 {{}},
  year =	 2021,
  archivePrefix ={arXiv},
  eprint =	 {2109.11380},
  primaryClass = {math.PR},
  doi =		 {https://doi.org/10.48550/arXiv.2109.11380},
}










@Comment #############################################################
@Comment #############################################################
@Comment PROGRAMS OF MATHEMATICAL INVESTIGATIONS, ARTICLES
@Comment #############################################################
@Comment #############################################################



@Comment #############################################################
@Comment ERLANGEN PROGRAM, ARTICLES
@Comment #############################################################


@article{ KisilErlangenErlangenProgramAtLargeTwo2007,
  author =	 {Vladimir V. Kisil},
  title =	 {Erlangen Program at~Large~-- 2: Inventing a~wheel.
                  The~parabolic one},
  journal =	 {Trans. Inst. Math. of the NAS of Ukraine},
  year =	 2007,
  volume =	 7,
  issue =	 2,
  pages =	 {89--98},
  archivePrefix ={arXiv},
  eprint =	 {0707.4024v1},
  primaryClass = {math.GM},
}










@Comment #############################################################
@Comment #############################################################
@Comment THEORY OF OPERATORS, ARTICLES
@Comment #############################################################
@Comment #############################################################


@article{ WojtylakOnDeterminingDomaninOfAdjointOperator2011,
  author =	 {Michal Wojtylak},
  title =	 {On~determining the~domain~of the~adjoint operator},
  journal =	 {{}},
  year =	 2011,
  archivePrefix ={arXiv},
  eprint =	 {1102.4969v2},
  primaryClass = {math.FA},
}










@Comment #############################################################
@Comment #############################################################
@Comment TOPOLOGY, ARTICLES
@Comment #############################################################
@Comment #############################################################



@Comment #############################################################
@Comment TOPOLOGICAL GROUPS, ARTICLES
@Comment #############################################################


@article{ UrbasOnInductiveAndInverseLimitsOfSystemsETC2023,
  author =	 {Kamil Urbaś},
  title =	 {On inductive and inverse limits of systems of
                  compact metric spaces and applications},
  journal =	 {Topology and its Applications},
  year =	 2023,
  volume =	 334,
  pages =	 108549,
  issn =	 {0166-8641},
  doi =		 {https://doi.org/10.1016/j.topol.2023.108549},
  url =
                  {https://www.sciencedirect.com/science/article/pii/S0166864123001438},
}









@Comment #############################################################
@Comment #############################################################
@Comment #############################################################
@Comment MATHEMATICS AND COMPUTER SCIENCE, ARTICLES
@Comment #############################################################
@Comment #############################################################
@Comment #############################################################



@Comment #############################################################
@Comment ALGORITHMIC INFORMATION THEORY, ARTICLES
@Comment #############################################################


@article{ HutterAlgorithmicInformationTheoryABriefNonTechnialETC2007,
  author =	 {Marcus Hutter},
  title =	 {Algorithmic Information Theory: a~brief
                  non-technical guide to the field},
  journal =	 {{}},
  year =	 2007,
  archivePrefix ={arXiv},
  eprint =	 {cs/0703024},
  primaryClass = {cs.IT},
  doi =		 {https://doi.org/10.48550/arXiv.cs/0703024},
}



@article{ SolomonoffAFormalTheoryOfInductiveInferencePartI,
  author =	 {Ray J. Solomonoff},
  title =	 {A~formal theory of inductive inferences. Part 1},
  journal =	 {Information and Control},
  year =	 1964,
  volume =	 7,
  issue =	 1,
  pages =	 {1--22},
}



@article{ SolomonoffAFormalTheoryOfInductiveInferencePartII,
  author =	 {Ray J. Solomonoff},
  title =	 {A~formal theory of inductive inferences. Part 2},
  journal =	 {Information and Control},
  year =	 1964,
  volume =	 7,
  issue =	 2,
  pages =	 {224--254},
}










@Comment #############################################################
@Comment #############################################################
@Comment INFORMATION THEORY, ARTICLES
@Comment #############################################################
@Comment #############################################################










@Comment #############################################################
@Comment #############################################################
@Comment #############################################################
@Comment COMPUTER SCIENCE, ARTICLES
@Comment #############################################################
@Comment #############################################################
@Comment #############################################################



@Comment #############################################################
@Comment #############################################################
@Comment ARTIFICIAL INTELLIGENCE, ARTICLES
@Comment #############################################################
@Comment #############################################################


@article{ AmodeiETCConcreteProblemsInAISafety2016,
  author =	 {Dario Amodei and Chris Olah and Jacob Steinhardt
    and Paulo Christiano and John Schulman and Dane Mané},
  title =	 {Concrete Problems in AI Safety},
  journal =	 {{}},
  year =	 2016,
  archivePrefix ={arXiv},
  eprint =	 {1606.06565v2},
  primaryClass = {cs.AI},
}










@Comment #############################################################
@Comment MACHINE LEARNING, ARTICLES
@Comment #############################################################


@article{ PapernotEtAlPracticalBlackBoxAttacksML2017,
  author =	 {Nicolas Papernot and Patrick McDaniel and Ian
                  Goodfellow and Somesh Jha and Z.~Berkay Celik and
                  Swami, Ananthram},
  title =	 {Practical Black-Box Attacks against Machine
                  Learning},
  journal =	 {{}},
  year =	 2017,
  archivePrefix ={arXiv},
  eprint =	 {1602.02697v4},
  primaryClass = {cs.CR},
}










@Comment #############################################################
@Comment NUMERICAL METHODS, ARTICLES
@Comment #############################################################


@article{ MetropolisEtAlEquationOfStateCalculation1953,
  author =	 {Nicholas Metropolis, Arianna W. Rosenbluth and
                  Marshall N. Rosenbluth and August H. Teller and
                  Edward Telle},
  title =	 {Equation~of State Calculation by~Fast Computing
                  Machines},
  journal =	 {The~Journal~of Chemical Physics},
  year =	 1953,
  volume =	 21,
  pages =	 1087,
  doi =		 {10.1063/1.1699114},
}
