@Comment #############################################################
@Comment #############################################################
@Comment MATHEMATICS, ARTICLES
@Comment #############################################################
@Comment #############################################################



@Comment #############################################################
@Comment DIFFERENTIAL GEOMETRY
@Comment #############################################################


@article{ Biswas-et-al-On-Formality-of-Kahler-Orbifolsd-and-ETC-2014,
  author =	 {Indranil Biswas, Marisa Ferna{\'{a}}ndez, Vicente
                  Mu{\~{n}}oz, and Aleksy Tralle},
  title =	 {On~Formality~of K{\"{a}}hler Orbifolds and~Sasakian
                  Manifold},
  journal =	 {{}},
  year =	 2014,
  archivePrefix ={arXiv},
  eprint =	 {1402.6861},
  primaryClass = {math.DG},
}



@article{ Hitchin-Moduli-Space-of-special-Lagrangian-submanifolds-ETC-1997,
  author =	 {Nigel Hitchin},
  title =	 {The moduli space of special Lagrangian submanifolds},
  journal =	 {Annali Scuola Sup. Norm. Pisa Sci. Fis. Mat.},
  year =	 1997,
  volume =	 25,
  pages =	 {503--515},
  archivePrefix ={arXiv},
  eprint =	 {9711002v1},
  primaryClass = {math.DG},
}










@Comment #############################################################
@Comment DIFFERENTIALS FORM
@Comment #############################################################


@article{ Harrsion-Stokes-theorem-for-nonsmooth-chains-1993,
  author =	 {Jenny Harrison},
  title =	 {Stokes' theorem for nonsmooth chains},
  journal =	 {Bull. Amer. Math. Soc. (N. S.)},
  year =	 1993,
  volume =	 29,
  issue =	 2,
  pages =	 {235--242},
  archivePrefix ={arXiv},
  eprint =	 {9310231v1},
  primaryClass = {math.DG},
}










@Comment #############################################################
@Comment DYNAMICAL SYSTEMS
@Comment #############################################################


@article{ Avila-Moreira-Bifurcation-of-Unimodal-Maps-2003,
  author =	 {Artur Avila and Carlos Gustavo Moreira},
  title =	 {Bifurcation of Unimodal Maps},
  journal =	 {{}},
  year =	 2003,
  archivePrefix ={arXiv},
  eprint =	 {math/0306157},
  primaryClass = {math.DS},
}










@Comment #############################################################
@Comment ERGODIC THEORY
@Comment #############################################################










@Comment #############################################################
@Comment FOUNDATIONS OF MATHEMATICS
@Comment #############################################################



@Comment ###############################
@Comment UNIVALENCE FOUNDATIONS PROGRAM AND HOMOTOPY TYPE THEORY
@Comment ###############################


@article{ Pelayo-Warren-Homotopy-type-theory-and-Voevodskys-ETC-2012,
  author =	 {\'{A}lvaro Pelayo and Michael A. Warren},
  title =	 {Homotopy type theory and Voevodsky's univalent
                  foundations},
  journal =	 {{}},
  year =	 2012,
  archivePrefix ={arXiv},
  eprint =	 {1210.5658v1},
  primaryClass = {math.LO},
}



@article{ Awodey-Pelayo-Warren-Voevodskys-Univalence-Axiom-ETC-2013,
  author =	 {Steve Awodey and \'{A}lvaro Pelayo and Michael A. Warren},
  title =	 {Voevodsky's univalence axiom in homotopy type theory},
  journal =	 {{}},
  year =	 2013,
  archivePrefix ={arXiv},
  eprint =	 {1302.4731v1},
  primaryClass = {math.HO},
}



@article{ Shulman-Homotopy-Type-Theory-ETC-2016,
  author =	 {Michael Shulman},
  title =	 {Homotopy Type Theory: A~synthetic approach to higher
                  equalites},
  journal =	 {{}},
  year =	 2016,
  archivePrefix ={arXiv},
  eprint =	 {1601.05035v3},
  primaryClass = {math.LO},
}










@Comment #############################################################
@Comment FUNCTIONAL ANALYSIS
@Comment #############################################################


@article{ Gowers-Maurey-Unconditional-basic-sequence-problem-1992,
  author =	 {W. T. Gowers and Bernard Maurey},
  title =	 {The~unconditional basic sequence problem},
  journal =	 {{}},
  year =	 1992,
  archivePrefix ={arXiv},
  eprint =	 {9205204v1},
  primaryClass = {math.FA},
}











@Comment #############################################################
@Comment FUNCTIONS ON REAL DOMAINS, SPECIAL FUNCTIONS, ETC.
@Comment #############################################################


@article{ Piyadasa-Arachchi-Exact-Formula-for-the-Sum-ETC-2008,
  author =	 {R. A. D. Piyadasa and D. K. Mallawa Arachchi},
  title =	 {Exact Formula for the~Sum~of The~Squares~of
                  the~Bessel Function and~the~Neumann Function~of
                  the~Same Order of Half-Odd Integer},
  journal =	 {J Sci. Univ. Kelaniya},
  year =	 2008,
  volume =	 4,
  pages =	 {15--20},
}










@Comment #############################################################
@Comment MATHEMATICAL ANALYSIS, XIX CENTURY IN SPIRIT
@Comment #############################################################


@article{ Baron-Wesolowski-From-invariance-under-binomial-ETC-2021,
  author =	 {Karol Baron and Jacek Wesołowski},
  title =	 {From invariance under binomial thinnig to
                  unification~of the~Cauchy and the
                  Gołąb-Schinzel-type equations},
  journal =	 {{}},
  year =	 2021,
  archivePrefix ={arXiv},
  eprint =	 {2106.08665v1},
  primaryClass = {math.CA},
}










@Comment #############################################################
@Comment MEASURE THEORY
@Comment #############################################################










@Comment #############################################################
@Comment MINIMAL SURFACES
@Comment #############################################################


@article{ Marques-Neves-Min-Max-theory-and-the-Willmore-conjecture-2014,
  author =	 {Fernando C. Marques and Andr\acute{e} Neves},
  title =	 {Min-Max theory and~the~Willmore conjecture},
  journal =	 {Annals~of Mathematics},
  year =	 2012,
  volume =	 179,
  issue =	 2,
  pages =	 {683--782},
  archivePrefix ={arXiv},
  eprint =	 {1202.6036v2},
  primaryClass = {math-DG},
}










@Comment #############################################################
@Comment NONCOMMUTATIVE GEOMETRY
@Comment #############################################################


@article{ ConnesShortSurveyOfNoncommutativeGeometry2000,
  author =	 {Alain Connes},
  title =	 {A~Short Survey~of Noncommutative Geometry},
  journal =	 {J. Math. Phys.},
  year =	 2000,
  volume =	 41,
  pages =	 {3832--3866},
  archivePrefix ={arXiv},
  eprint =	 {0003006v1},
  primaryClass = {hep-th},
}



@article{ HowlandOnTheKatoRosenblumTheorem1986,
  author =	 {James S. Howland},
  title =	 {On the Kao-Rosenblum Theorem},
  journal =	 {Pacific Journal of Mathematics},
  year =	 1986,
  volume =	 123,
  number =	 2,
  pages =	 {329--335},
}






@Comment #############################################################
@Comment #############################################################
@Comment PARTIAL DIFFERENTIAL EQUATIONS, ARTICLES
@Comment #############################################################
@Comment #############################################################


@article{ InciWellPosednessIncompressibleEulerEquation2013,
  author =	 {Hans Inci},
  title =	 {On~the~Well-posedness~of the~Incompressible Euler
                  Equation},
  journal =	 {{}},
  year =	 2013,
  archivePrefix ={arXiv},
  eprint =	 {1301.5597},
  primaryClass = {math.AP},
  note =	 {PhD thesis},
}










@Comment #############################################################
@Comment STOCHASTIC PARTIAL DIFFERENTIAL EQUATIONS, ARTICLES
@Comment #############################################################


@article{ DuchFlowEquationApproachETC2021,
  author =	 {Paweł Duch},
  title =	 {Flow equation approach to singular stochastic PDEs},
  journal =	 {{}},
  year =	 2021,
  archivePrefix ={arXiv},
  eprint =	 {2109.11380},
  primaryClass = {math.PR},
  doi =		 {https://doi.org/10.48550/arXiv.2109.11380},
}










@Comment #############################################################
@Comment #############################################################
@Comment PROGRAMS OF MATHEMATICAL INVESTIGATIONS
@Comment #############################################################
@Comment #############################################################



@Comment #############################################################
@Comment ERLANGEN PROGRAM, ARTICLES
@Comment #############################################################


@article{ KisilErlangenErlangenProgramAtLargeTwo2007,
  author =	 {Vladimir V. Kisil},
  title =	 {Erlangen Program at~Large~-- 2: Inventing a~wheel.
                  The~parabolic one},
  journal =	 {Trans. Inst. Math. of the NAS of Ukraine},
  year =	 2007,
  volume =	 7,
  issue =	 2,
  pages =	 {89--98},
  archivePrefix ={arXiv},
  eprint =	 {0707.4024v1},
  primaryClass = {math.GM},
}










@Comment #############################################################
@Comment #############################################################
@Comment THEORY OF OPERATORS, ARTICLES
@Comment #############################################################
@Comment #############################################################


@article{ WojtylakOnDeterminingDomaninOfAdjointOperator2011,
  author =	 {Michal Wojtylak},
  title =	 {On~determining the~domain~of the~adjoint operator},
  journal =	 {{}},
  year =	 2011,
  archivePrefix ={arXiv},
  eprint =	 {1102.4969v2},
  primaryClass = {math.FA},
}










@Comment #############################################################
@Comment #############################################################
@Comment TOPOLOGY, ARTICLES
@Comment #############################################################
@Comment #############################################################



@Comment #############################################################
@Comment TOPOLOGICAL GROUPS, ARTICLES
@Comment #############################################################


@article{ UrbasOnInductiveAndInverseLimitsOfSystemsETC2023,
  author =	 {Kamil Urbaś},
  title =	 {On inductive and inverse limits of systems of
                  compact metric spaces and applications},
  journal =	 {Topology and its Applications},
  year =	 2023,
  volume =	 334,
  pages =	 108549,
  issn =	 {0166-8641},
  doi =		 {https://doi.org/10.1016/j.topol.2023.108549},
  url =
                  {https://www.sciencedirect.com/science/article/pii/S0166864123001438},
}









@Comment #############################################################
@Comment #############################################################
@Comment #############################################################
@Comment MATHEMATICS AND COMPUTER SCIENCE, ARTICLES
@Comment #############################################################
@Comment #############################################################
@Comment #############################################################



@Comment #############################################################
@Comment ALGORITHMIC INFORMATION THEORY, ARTICLES
@Comment #############################################################


@article{ HutterAlgorithmicInformationTheoryABriefNonTechnialETC2007,
  author =	 {Marcus Hutter},
  title =	 {Algorithmic Information Theory: a~brief
                  non-technical guide to the field},
  journal =	 {{}},
  year =	 2007,
  archivePrefix ={arXiv},
  eprint =	 {cs/0703024},
  primaryClass = {cs.IT},
  doi =		 {https://doi.org/10.48550/arXiv.cs/0703024},
}



@article{ SolomonoffAFormalTheoryOfInductiveInferencePartI,
  author =	 {Ray J. Solomonoff},
  title =	 {A~formal theory of inductive inferences. Part 1},
  journal =	 {Information and Control},
  year =	 1964,
  volume =	 7,
  issue =	 1,
  pages =	 {1--22},
}



@article{ SolomonoffAFormalTheoryOfInductiveInferencePartII,
  author =	 {Ray J. Solomonoff},
  title =	 {A~formal theory of inductive inferences. Part 2},
  journal =	 {Information and Control},
  year =	 1964,
  volume =	 7,
  issue =	 2,
  pages =	 {224--254},
}










@Comment #############################################################
@Comment #############################################################
@Comment INFORMATION THEORY, ARTICLES
@Comment #############################################################
@Comment #############################################################










@Comment #############################################################
@Comment #############################################################
@Comment COMPUTER SCIENCE, ARTICLES
@Comment #############################################################
@Comment #############################################################



@Comment #############################################################
@Comment #############################################################
@Comment ARTIFICIAL INTELLIGENCE, ARTICLES
@Comment #############################################################
@Comment #############################################################


@article{ AmodeiETCConcreteProblemsInAISafety2016,
  author =	 {Dario Amodei and Chris Olah and Jacob Steinhardt
    and Paulo Christiano and John Schulman and Dane Mané},
  title =	 {Concrete Problems in AI Safety},
  journal =	 {{}},
  year =	 2016,
  archivePrefix ={arXiv},
  eprint =	 {1606.06565v2},
  primaryClass = {cs.AI},
}










@Comment #############################################################
@Comment MACHINE LEARNING, ARTICLES
@Comment #############################################################


@article{ PapernotEtAlPracticalBlackBoxAttacksML2017,
  author =	 {Nicolas Papernot and Patrick McDaniel and Ian
                  Goodfellow and Somesh Jha and Z.~Berkay Celik and
                  Swami, Ananthram},
  title =	 {Practical Black-Box Attacks against Machine
                  Learning},
  journal =	 {{}},
  year =	 2017,
  archivePrefix ={arXiv},
  eprint =	 {1602.02697v4},
  primaryClass = {cs.CR},
}










@Comment #############################################################
@Comment NUMERICAL METHODS, ARTICLES
@Comment #############################################################


@article{ MetropolisEtAlEquationOfStateCalculation1953,
  author =	 {Nicholas Metropolis, Arianna W. Rosenbluth and
                  Marshall N. Rosenbluth and August H. Teller and
                  Edward Telle},
  title =	 {Equation~of State Calculation by~Fast Computing
                  Machines},
  journal =	 {The~Journal~of Chemical Physics},
  year =	 1953,
  volume =	 21,
  pages =	 1087,
  doi =		 {10.1063/1.1699114},
}










@Comment #############################################################
@Comment SCIENCE OF COMPUTING
@Comment #############################################################




















@Comment #############################################################
@Comment HARD TO CLASSIFY ARTICLES
@Comment #############################################################


@online{ ChaitinRandomnessInArithmeticETC1993,
  author =	 {G.J.~Chaitin},
  title =	 {Randomness in Arithmetic and The~Decilne and~Fall~of
                  Reductionism in~Pure Mathematics},
  year =	 1993,
  doi =		 {https://doi.org/10.48550/arXiv.chao-dyn/9304002},
  archivePrefix ={arXiv},
  eprint =	 9304002,
  primaryClass = {chao-dyn},
}



@online{ ChaitinTheLimitsOfMathmeticsFourthVersion1994,
  author =	 {G.J.~Chaitin},
  title =	 {The~Limits~of Mathmetics~-- Fourth Version},
  year =	 1994,
  doi =		 {https://doi.org/10.48550/arXiv.chao-dyn/9407009},
  archivePrefix ={arXiv},
  eprint =	 9407009,
  primaryClass = {chao-dyn},
}
