@Comment #############################################################
@Comment #############################################################
@Comment MATHEMATICAL PHYSICS, BOOKS
@Comment #############################################################
@Comment #############################################################


@book{ Arnold-Khesin-Topological-Methods-in-Hydrodanamics-Pub-1998,
  author =	 {Vladimir I.~Arnold and Boris A.~Khesin},
  title =	 {Topological Methods in~Hydrodynamics},
  publisher =	 {Springer},
  address =	 {New York, Berlin, Heidelberg, Barcelona, Hong Kong,
                  London, Milan, Paris, Singapore, Tokyo},
  year =	 1998,
  series =	 {Applied Mathematical Sciences},
  volume =	 125,
}



@book{ Courant-Hilbert-Method-of-Mathematical-Physics-Pub-1953,
  author =	 {Richard Courant and David Hilbert},
  title =	 {Methods~of Mathematical Physics},
  publisher =	 {Interscience Publishers, INC.},
  address =	 {New York},
  year =	 1953,
}



@book{ Glimm-Jaffe-Quantum-Physics-A-Functinal-ETC-Pub-1981,
  author =	 {J. Glimm and A. Jaffe},
  title =	 {Quantum Physics. A Functional Point of View},
  publisher =	 {Springer},
  address =	 {New York Heidelberg Berlin},
  year =	 1981,
}



@book{ Mitter-Pittner-Recent-Developments-in-ETC-1987,
  editor =	 {H. Mitter and L. Pittner},
  title =	 {Recent Developments in~Mathematical Physics},
  publisher =	 {Springer-Verlang},
  address =	 {Berlin, Heidelberg, New York, London, Paris, Tokyo},
  year =	 1987,
  edition =	 {I},
}



@book{ Streater-Wightman-PCT-Spin-and-ETC-2000,
  author =	 {Raymond F. Streater and Arthur S. Wightman},
  title =	 {PCT, Spin and~Statistic, and~All That},
  publisher =	 {Princton Univeristy Press},
  address =	 {Princton and~Oxford},
  year =	 2015,
  edition =	 {IV},
}



@book{ Thirring-Fizyka-matematyczna-Vol-I-Pub-1985,
  author =	 {Walter Thirring},
  title =	 {Fizyka matematyczna. Tom~I: Klasyczne układy
                  dynamiczne},
  publisher =	 {Państwowe Wydawnictwo Naukowe},
  address =	 {Warszawa},
  year =	 1985,
  edition =	 {I},
  volume =	 {I},
}



@book{ Thirring-Fizyka-matematyczna-Vol-II-Pub-1985,
  author =	 {Walter Thirring},
  title =	 {Fizyka matematyczna. Tom~II: Klasyczna teoria
		  pola},
  publisher =	 {Państwowe Wydawnictwo Naukowe},
  address =	 {Warszawa},
  year =	 1985,
  volume =	 {II},
  edition =	 {I},
}



@book{ Thirring-Fizyka-matematyczna-Vol-III-Pub-1986,
  author =	 {Walter Thirring},
  title =	 {Fizyka matematyczna. Tom~III: Mechanika kwantowa
                  atomów i~cząstek},
  publisher =	 {Państwowe Wydawnictwo Naukowe},
  address =	 {Warszawa},
  year =	 1986,
  volume =	 {III},
  edition =	 {I},
}



@book{ Thirring-Fizyka-matematyczna-Vol-IV-Pub-1987,
  author =	 {Walter Thirring},
  title =	 {Fizyka matematyczna. Tom~IV: Mechanika kwantowa
		  wielkich układów},
  publisher =	 {Państwowe Wydawnictwo Naukowe},
  address =	 {Warszawa},
  year =	 1987,
  volume =	 {IV},
  edition =	 {I},
}



@book{ Bicadze-Kaliniczenko-Zbior-zadan-z-rownania-ETC-Pub-1984,
  author =	 {A. W. Bicadze and D. F. Kaliniczenko},
  title =	 {Zbiór zadań z równań fizyki matematycznej},
  publisher =	 {Państwowe Wydawnictwo Naukowe},
  address =	 {Warszawa},
  year =	 1984,
  edition =	 {I},
}










@Comment #############################################################
@Comment MATHEMATICAL QUANTUM MECHANICS
@Comment #############################################################


@book{ Albeverio-et-al-Solvable-Models-in-Quantum-Mechanics-Pub-1988,
  author =	 {Sergio Albeverio and Friedrich Gesztesy and Raphael
                  H{\o}egh-Krohn and Helge Holden},
  title =	 {Solvable Models in~Quantum Mechanics},
  publisher =	 {Springer},
  address =	 {New York, Berlin, Heidelberg, London, Paris, Tokyo},
  year =	 1988,
  series =	 {Texts and~Monographs in~Physics},
}