@Comment #############################################################
@Comment #############################################################
@Comment MATHEMATICAL PHYSICS, ARTICLES
@Comment #############################################################
@Comment #############################################################



@Comment #############################################################
@Comment QUANTUM MECHANICS
@Comment #############################################################


@article{ Kato-Fundamental-Properties-of-Hamiltonian-Operators-ETC-1951,
  author =	 {Tosio Kato},
  title =	 {Fundamental Properties~of Hamiltonian Operators~of
                  Schr{\"o}dinger Type},
  journal =	 {Transactions of the~American Mathematical Society},
  publisher =	 {American Mathematical Society},
  year =	 1951,
  volume =	 70,
  number =	 2,
  pages =	 {195--211},
  doi =		 {https://doi.org/10.2307/1990366},
}