@Comment #############################################################
@Comment #############################################################
@Comment #############################################################
@Comment MATHEMATICS, BOOKS
@Comment #############################################################
@Comment #############################################################
@Comment #############################################################



@Comment #############################################################
@Comment #############################################################
@Comment ARITHMETICS
@Comment #############################################################
@Comment #############################################################


@book{ GancarzewiczArytmetyka2000,
  author =	 {Jacek Gancarzewicz},
  title =	 {Arytmetyka},
  publisher =	 {Wydawnictwo Uniwersytetu Jagiellońskiego},
  address =	 {Kraków},
  year =	 2000,
  edition =	 {I},
}










@Comment #############################################################
@Comment #############################################################
@Comment ALGEBRA
@Comment #############################################################
@Comment #############################################################



@Comment #############################################################
@Comment ABSTRACT ALGEBRA
@Comment #############################################################


@book{ BialynickiBirulaZarysAlgebry1987,
  author =	 {Andrzej Białynicki-Birula},
  title =	 {Zarys algebry},
  publisher =	 {Państwowe Wydawnictwo Naukowe},
  address =	 {Warszawa},
  year =	 1987,
  edition =	 {I},
}










@Comment #############################################################
@Comment GROUP THEORY
@Comment #############################################################










@Comment #############################################################
@Comment LINEAR ALGEBRA
@Comment #############################################################


@book{ ArodzRosciszewskiAlgebraIGeometriaETC2005,
  author =	 {Henryk Arodź and Krzysztof Rościszewski},
  title =	 {Algebra i~geometria analityczna w~zadaniach},
  publisher =	 {Wydawnictwo Znak},
  address =	 {Kraków},
  year =	 2005,
  edition =	 {I},
}



@book{ GancarzewiczAlgebraLiniowa2004,
  author =	 {Jacek Gancarzewicz},
  title =	 {Algebra liniowa i~jej zastosowania},
  publisher =	 {Wydawnictwo Uniwersytetu Jagiellońskiego},
  address =	 {Kraków},
  year =	 2004,
  edition =	 {I},
}



@book{ HerdegenAlgebraLiniowaIGeometria2010,
  author =	 {Andrzej Herdegen},
  title =	 {Algebra liniowa i~geometria},
  publisher =	 {DISCEPTO},
  address =	 {Kraków},
  year =	 2010,
  edition =	 {II~-- poprawione i~rozszerzone},
}










@Comment #############################################################
@Comment #############################################################
@Comment COMBINATORICS
@Comment #############################################################
@Comment #############################################################


@book{ LipskiMarekAnalizaKombinatoryczna1986,
  author =	 {Witold Lipski and Wiktor Marek},
  title =	 {Analiza kombinatoryczna},
  publisher =	 {Państwowe Wydawnictwo Naukowe},
  address =	 {Warszawa},
  year =	 1986,
  edition =	 {I},
  series =	 {Biblioteka Matematyczna},
  number =	 59,
  note =	 {Książka napisana przy współpracy z~Michałem
                  Jaegermannem},
}










@Comment #############################################################
@Comment #############################################################
@Comment FOUNDATIONS OF MATHEMATICS
@Comment #############################################################
@Comment #############################################################



@Comment #############################################################
@Comment LOGICS
@Comment #############################################################


@book{ BremerWprowadzenieDoLogiki2004,
  author =	 {Józef W.~Bremer},
  title =	 {Wprowadzenie do~logiki},
  publisher =	 {Wydawnictwo WAM},
  address =	 {Kraków},
  year =	 2004,
  edition =	 {I},
  series =	 {Myśl Filozoficzna},
}










@Comment ###############################
@Comment MATHEMATICAL LOGICS
@Comment ###############################


@book{ GrzegorczykZarysLogikiMatematycznej1975,
  author =	 {Andrzej Grzegorczyk},
  title =	 {Zarys logiki matematycznej},
  publisher =	 {Państwowe Wydawnictwo Naukowe},
  address =	 {Warszawa},
  year =	 1975,
  edition =	 {IV},
  series =	 {Biblioteka matematyczna},
  number =	 20,
}



@book{ LukasiewiczElementyLogikiMatematycznej1929,
  author =	 {Jan Łukasiewicz},
  title =	 {Elementy logiki matematycznej. Skryp autoryzowany},
  publisher =	 {Nakładem Komisji Wydawniczej Koła
		  Matematyczno-Fizycznego Słuchaczów Uniwersytetu
		  Warszawskiego},
  address =	 {Warszawa},
  year =	 1929,
  edition =	 {I},
  note =	 {Reprint przez Wydawnictwo Uniwersystetu im.~Adama
		  Mickiewicza w~Poznaniu},
}



@book{ QuineLogikaMatematyczna1974,
  author =	 {Willard Van Orman Quine},
  title =	 {Logika matematyczna},
  publisher =	 {Państwowe Wydawnictwo Naukowe},
  address =	 {Warszawa},
  year =	 1974,
  edition =	 {I},
  note =	 {Tłum. Leon Koj},
}










@Comment ###############################
@Comment SET THEORY
@Comment ###############################


@book{ KuratowskiWstepTeoriiMnogosciITopologii2004,
  author =	 {Kazimierz Kuratowski},
  title =	 {Wstęp do~teorii mnogości i~topologii},
  publisher =	 {Wydawnictwo Naukowe PWN},
  address =	 {Warszawa},
  year =	 2004,
  edition =	 {IX},
  note =	 {Wraz z~dodatkiem Ryszarda Engelkinga \textit{Elementy
		  topologii algebraicznej}},
}










@Comment ###############################
@Comment CATEGORY THEORY
@Comment ###############################


@book{ SemadeniWiwegerWstepDoTeoriiKategoriiETC1972,
  author =	 {Zbigniew Semadeni and Antoni Wiweger},
  title =	 {Wstęp do~teorii kategorii i~funktorów},
  publisher =	 {Państwowe Wydawnictwo Naukowe},
  address =	 {Warszawa},
  year =	 1972,
  edition =	 {I},
  series =	 {Biblioteka Matematyczna},
  number =	 45,
}










@Comment #############################################################
@Comment #############################################################
@Comment MATHEMATICAL ANALYSIS
@Comment #############################################################
@Comment #############################################################



@Comment #############################################################
@Comment "XIX CENTURY" CALCULUS
@Comment #############################################################


@book{ FichtenholzRachunekRozniczkowyETCVolI2005,
  author =	 {Grigorij Michajłowicz Fichtenholz},
  title =	 {Rachunek różniczkowy i~całkowy. Tom~I},
  publisher =	 {Wydawnictwo Naukowe PWN},
  address =	 {Warszawa},
  year =	 2005,
  volume =	 {I},
  edition =	 {XII~-- trzeci dodruk},
  note =	 {Tłum. Ryszard Bittner, Bolesław Gleichgewicht,
                  Tadeusz Huskowski},
}



@book{ FichtenholzRachunekRozniczkowyETCVolII2004,
  author =	 {Grigorij Michajłowicz Fichtenholz},
  title =	 {Rachunek różniczkowy i~całkowy},
  publisher =	 {Wydawnictwo Naukowe PWN},
  address =	 {Warszawa},
  year =	 2004,
  volume =	 {II},
  edition =	 {XII~-- drugi dodruk},
  note =	 {Tłum. Abraham Goetz, Lucjan Szamkołowicz, Bolesław
                  Gleichgewicht, Tadeusz Huskowski, Edward Piegat},
}



@book{ FichtenholzRachunekRozniczkowyETCVolIII2005,
  author =	 {Grigorij Michajłowicz Fichtenholz},
  title =	 {Rachunek różniczkowy i~całkowy},
  publisher =	 {Wydawnictwo Naukowe PWN},
  address =	 {Warszawa},
  year =	 2004,
  volume =	 {III},
  edition =	 {X~-- drugi dodruk},
}



@book{ KrysickiWlodarskiAnalizaWZadaniachVolI2005,
  author =	 {Włodzimierz Krysicki and L. Włodarski},
  title =	 {Analiza matematyczna w~zadaniach},
  publisher =	 {Wydawnictwo Naukowe PWN},
  address =	 {Warszawa},
  year =	 2005,
  volume =	 {I},
  edition =	 {XXIX~-- trzeci dodruk},
}



@book{ KrysickiWlodarskiAnalizaWZadaniachVolII2004,
  author =	 {Włodzimierz Krysicki and L. Włodarski},
  title =	 {Analiza matematyczna w~zadaniach},
  publisher =	 {Wydawnictwo Naukowe PWN},
  address =	 {Warszawa},
  year =	 2004,
  volume =	 {II},
  edition =	 {XXVII},
}



@book{ WhittakerWatsonKursAnalizyWspolczesnejVolI1967,
  author =	 {E. T. Whittaker, G. N. Watson},
  title =	 {Kurs analizy współczesnej},
  publisher =	 {Państwowe Wydawnictwo Naukowe},
  address =	 {{}},
  year =	 1967,
  volume =	 {I},
}



@book{ WittakerWatsonKursAnalizyWspolczesnejVolII1968,
  author =	 {E. T. Whittaker, G. N. Watson},
  title =	 {Kurs analizy współczesnej},
  publisher =	 {Państwowe Wydawnictwo Naukowe},
  address =	 {{}},
  year =	 1968,
  volume =	 {II},
}










@Comment #############################################################
@Comment "XX CENTURY" CALCULUS
@Comment #############################################################


@book{ LojasiewiczWstepDoTeoriiFunkcjiRzeczywistych1976,
  author =	 {Stanisław Łojasiewicz},
  title =	 {Wstęp do~teorii funkcji rzeczywistych},
  publisher =	 {Państwowe Wydawnictwo Naukowe},
  address =	 {Warszawa},
  year =	 1976,
  edition =	 {II},
  series =	 {Biblioteka Matematyczna},
  number =	 46,
}



@book{ MaurinAnalizaVolI1974,
  author =	 {Krzysztof Maurin},
  title =	 {Analiza. Część~I: Elementy},
  publisher =	 {Państwowe Wydawnictwo Naukowe},
  address =	 {Warszawa},
  year =	 1974,
  edition =	 {III},
  series =	 {Biblioteka Matematyczna},
  number =	 38,
}



@book{ MaurinAnalizaVolII1991,
  author =	 {Krzysztof Maurin},
  title =	 {Analiza. Część~II: Ogólne struktury, funkcje
                  algebraiczne, całkowanie, analiza tensorowa},
  publisher =	 {Wydawnictwo Naukowe PWN},
  address =	 {Warszawa},
  year =	 1991,
  volume =	 {II},
  edition =	 {II~-- zmieninone},
  series =	 {Biblioteka Matematyczna},
  number =	 170,
}



@book{ NahinInterestingIntegrals2015,
  author =	 {P. J. Nahin},
  title =	 {Inside Interesting Integrals},
  publisher =	 {Springer},
  address =	 {New York, Heidelberg, Dordrecht, London},
  year =	 2015,
  edition =	 {I},
}



@book{ RudinAnalizaRzeczywistaIZespolona1986,
  author =	 {Walter Rudin},
  title =	 {Analiza rzeczywista i~zespolona},
  publisher =	 {Państwowe Wydawnictwo Naukowe},
  address =	 {Warszawa},
  year =	 1986,
  edition =	 {I},
}



@book{ RudinAnalizaRzeczywistaIZespolona1998,
  author =	 {Walter Rudin},
  title =	 {Analiza rzeczywista i~zespolona},
  publisher =	 {Wydawnictwo Naukowe PWN},
  address =	 {Warszawa},
  year =	 1998,
  edition =	 {II},
}



@book{ SchwartzKursAnalizyMatematycznejVolI1979,
  author =	 {Laurent Schwartz},
  title =	 {Kurs analizy matematycznej},
  publisher =	 {Państwowe Wydawnictwo Naukowe},
  address =	 {Warszawa},
  year =	 1979,
  volume =	 {I},
  edition =	 {I},
}



@book{ SchwartzKursAnalizyMatematycznejVolII1980,
  author =	 {Laurent Schwartz},
  title =	 {Kurs analizy matematycznej},
  publisher =	 {Państwowe Wydawnictwo Naukowe},
  address =	 {Warszawa},
  year =	 1980,
  volume =	 {II},
  edition =	 {I},
}



@book{ StankiewiczZadaniaZMatematykiETCVolI1980,
  author =	 {W. Stankiewicz},
  title =	 {Zadania z~matematyki dla wyższych uczelni
                  technicznych},
  publisher =	 {Państwowe Wydawnictwo Naukowe},
  address =	 {Warszawa},
  year =	 1980,
  edition =	 {V~-- zmienione},
  volume =	 {I},
}










@Comment #############################################################
@Comment VECTOR CALCULUS
@Comment #############################################################


@book{ GalbisMaestreVectorAnalysisVsVectorCalculus,
  author =	 {Antonio Galbis and Manuel Maestre},
  title =	 {Vector Analysis Versus Vector Calculus},
  publisher =	 {Springer},
  address =	 {New York, Dordrecht, Heidelberg, London},
  edition =	 {I},
  year =	 1980,
  series =	 {Universitext},
}










@Comment #############################################################
@Comment CALCULUS OF VARIATIONS
@Comment #############################################################


@book{ GelfandFominRachunekWariacyjny1972,
  author =	 {I. M. Gelfand and S. W. Fomin},
  title =	 {Rachunek wariacyjny},
  publisher =	 {Państwowe Wydawnictwo Naukowe},
  address =	 {Warszawa},
  year =	 1972,
  edition =	 {II poprawione},
  note =	 {Tłum. Mirosław Mochnacki},
}



@book{ GelfandFominRachunekWariacyjny1979,
  author =	 {I. M. Gelfand and S. W. Fomin},
  title =	 {Rachunek wariacyjny},
  publisher =	 {Państwowe Wydawnictwo Naukowe},
  address =	 {Warszawa},
  year =	 1979,
  edition =	 {IV},
}



@book{ JostLiJostCalculusOfVariations1998,
  author =	 {J. Jost and X. Li-Jost},
  title =	 {Calculus~of Variations},
  publisher =	 {Cambridge University Press},
  year =	 1998,
}










@Comment #############################################################
@Comment COMPLEX ANALYSIS
@Comment #############################################################


@book{ JakobczakJarnickiFunkcjeHolomorficzneWieluZmiennych2002,
  author =	 {P. Jakóbczak and M. Jarnicki},
  title =	 {Wstęp do~teorii funkcji holomorficznych wielu
		  zmiennych zespolonych},
  publisher =	 {Wydawnictwo Uniwersytetu Jagiellońskiego},
  address =	 {Kraków},
  year =	 2002,
  edition =	 {I},
}



@book{ LejaFunkcjeZespolone2006,
  author =	 {Franciszek Leja},
  title =	 {Funkcje zespolone},
  publisher =	 {Wydawnictwo Naukowe PWN},
  address =	 {Warszawa},
  year =	 2006,
  edition =	 {VI},
}



@book{ SzabatWstepDoAnalizyZespolonej1974,
  author =	 {W. B. Szabat},
  title =	 {Wstęp do analizy zespolonej},
  publisher =	 {Państwowe Wydawnictwo Naukowe},
  address =	 {Warszawa},
  year =	 1974,
  edition =	 {I},
}



@book{ KrzyzZbiorZadanZFunkcjiAnalitycznych2005,
  author =	 {Jan Krzyż},
  title =	 {Zbiór zadań z~funkcji analitycznych},
  publisher =	 {Wydawnictwo Naukowe PWN},
  address =	 {Warszawa},
  year =	 2005,
  edition =	 {V},
}










@Comment #############################################################
@Comment NONSTANDARD ANALYSIS
@Comment #############################################################


@misc{ RosingerShortIntroNonstandardAnalysis2004,
  author =	 {Elem\acute{e}r E.~Rosinger},
  title =	 {Short introduction to~Nonstandard Analysis},
  year =	 2004,
  month =	 {Jul},
  archivePrefix ={arXiv},
  eprint =	 {0407178v1},
  primaryClass = {math.GM},
}
