@Comment #############################################################
@Comment #############################################################
@Comment MATHEMATICS, BOOKS
@Comment #############################################################
@Comment #############################################################



@Comment #############################################################
@Comment ALGEBRA
@Comment #############################################################



@Comment ###############################
@Comment ABSTRACT ALGEBRA
@Comment ###############################


@book{ Bialynicki-Birula-Zarys-algebry-Pub-1987,
  author =	 {Andrzej Białynicki-Birula},
  title =	 {Zarys algebry},
  publisher =	 {Państwowe Wydawnictwo Naukowe},
  address =	 {Warszawa},
  year =	 1987,
  edition =	 {I},
}



@book{ Lang-Algebra-Pub-1984,
  author =	 {Serge Lang},
  title =	 {Algebra},
  publisher =	 {Państwowe Wydawnictwo Naukowe},
  address =	 {Warszawa},
  year =	 1984,
  edition =	 {Wydanie drugie poprawione},
  note =	 {Z~angielskiego tłumaczył Ryszard Bittner},
}










@Comment ###############################
@Comment GROUP THEORY
@Comment ###############################










@Comment ###############################
@Comment LINEAR ALGEBRA
@Comment ###############################


@book{ Arodz-Rosciszewski-Algebra-i-geometria-ETC-Pub-2005,
  author =	 {Henryk Arodź and Krzysztof Rościszewski},
  title =	 {Algebra i~geometria analityczna w~zadaniach},
  publisher =	 {Wydawnictwo Znak},
  address =	 {Kraków},
  year =	 2005,
  edition =	 {I},
}



@book{ Gancarzewicz-Algebra-liniowa-ETC-Pub-2004,
  author =	 {Jacek Gancarzewicz},
  title =	 {Algebra liniowa i~jej zastosowania},
  publisher =	 {Wydawnictwo Uniwersytetu Jagiellońskiego},
  address =	 {Kraków},
  year =	 2004,
  edition =	 {I},
}



@book{ Herdegen-Algebra-liniowa-i-geometria-Pub-2010,
  author =	 {Andrzej Herdegen},
  title =	 {Algebra liniowa i~geometria},
  publisher =	 {DISCEPTO},
  address =	 {Kraków},
  year =	 2010,
  edition =	 {II~-- poprawione i~rozszerzone},
}










@Comment #############################################################
@Comment ARITHMETICS
@Comment #############################################################


@book{ Gancarzewicz-Arytmetyka-Pub-2000,
  author =	 {Jacek Gancarzewicz},
  title =	 {Arytmetyka},
  publisher =	 {Wydawnictwo Uniwersytetu Jagiellońskiego},
  address =	 {Kraków},
  year =	 2000,
  edition =	 {I},
}










@Comment #############################################################
@Comment COMBINATORICS
@Comment #############################################################


@book{ Lipski-Marek-Analiza-kombinatoryczna-Pub-1986,
  author =	 {Witold Lipski and Wiktor Marek},
  title =	 {Analiza kombinatoryczna},
  publisher =	 {Państwowe Wydawnictwo Naukowe},
  address =	 {Warszawa},
  year =	 1986,
  edition =	 {I},
  series =	 {Biblioteka Matematyczna},
  number =	 59,
  note =	 {Książka napisana przy współpracy z~Michałem
                  Jaegermannem},
}










@Comment #############################################################
@Comment DIFFERENTIAL GEOMETRY
@Comment #############################################################


@book{ Boothby-An-Introduction-to-Differentiable-ETC-Pub-1986,
  author =	 {William M. Boothby},
  title =	 {An~Introduction to~Differentiable Manifolds
		  and~Riemannian Geometry},
  publisher =	 {Academic Press, Inc.},
  address =	 {San Diego-New
  York-Berkley-Boston-London-Sydney-Tokyo-Toronto},
  year =	 1986,
  edition =	 {II},
}



@book{ Gancarzewicz-Opozda-Wstep-do-geometrii-rozniczkowej-Pub-2003,
  author =	 {Jacek Gancarzewicz and Barbara Opozda},
  title =	 {Wstęp do~geometrii różniczkowej},
  publisher =	 {Wydawnictwo Uniwersytetu Jagiellońskiego},
  address =	 {Kraków},
  year =	 2003,
  edition =	 {I},
}



@book{ Gancarzewicz-Zarys-wspolczesnej-geometrii-rozniczkowej-Pub-2010,
  author =	 {Jacek Gancarzewicz},
  title =	 {Zarys współczesnej geometrii różniczkowej},
  publisher =	 {SCRIPT},
  address =	 {Warszawa},
  year =	 2010,
  edition =	 {I},
}



@book{ Gdowski-Element-geometrii-rozniczkowej-z-zadaniami-Pub-1999,
  author =	 {Bogusław Gdowski},
  title =	 {Elementy geometrii różniczkowej z~zadaniami},
  publisher =	 {Oficyna Wydawnicza Politechniki Warszawskiej},
  address =	 {Warszawa},
  year =	 1999,
  edition =	 {IV},
}



@book{ Sokolowski-Elementy-analizy-tensorowej-Pub-2010,
  author =	 {Leszek M. Sokołowski},
  title =	 {Elementy analizy tensorowej},
  publisher =	 {Wydawnictwo Uniwersytetu Warszawskiego},
  address =	 {Warszawa},
  year =	 2010,
  edition =	 {I},
}



@book{ Flanders-Teoria-form-rozniczkowych-Pub-1969,
  author =	 {H. Flanders},
  title =	 {Teoria form różniczkowych},
  publisher =	 {Państwowe Wydawnictwo Naukowe},
  address =	 {Warszawa},
  year =	 1969,
  edition =	 {I},
}



@book{ Lee-Introduction-to-Smooth-Manifolds-Pub-2013,
  author =	 {John M. Lee},
  title =	 {Introduction to~Smooth Manifolds},
  publisher =	 {Springer},
  address =	 {New York, Heidelberg, Dordrechet, London},
  year =	 2013,
  edition =	 {II},
  series =	 {Graduate Texts in~Mathematics},
  number =	 218,
}










@Comment #############################################################
@Comment THEORY OF LIE GROUPS, BOOKS
@Comment #############################################################


@book{ Wojtynski-Grupy-i-algebry-Liego-Pub-1986,
  author =	 {Wojciech Wojtyński},
  title =	 {Grupy i~algebry Liego},
  publisher =	 {Państowe Wydawnictwo Naukowe},
  address =	 {Warszawa},
  year =	 1986,
  edition =	 {I},
  series =	 {Biblioteka matematyczna},
  volume =	 60,
}










@Comment #############################################################
@Comment DISCRECTE MATHEMATICS
@Comment #############################################################


@book{ Graham-Knuth-Patashnik-Matematyka-Konkretna-Pub-2012,
  author =	 {Ronald L.~Graham and Donald E.~Knuth and Oren
                  Patashink},
  title =	 {Matematyka konkretna},
  publisher =	 {Wydawnictwo Naukowe PWN},
  address =	 {Warszawa},
  year =	 2012,
  edition =	 {IV~-- 5~dodruk},
  note =	 {Z~jęzka angielskiego przełożyli P.~Chrząstowski,
                  A~.Czumaj, L.~Gąsieniec, M.~Raczunas},
}










@Comment #############################################################
@Comment FOUNDATIONS OF MATHEMATICS
@Comment #############################################################



@Comment ###############################
@Comment CATEGORY THEORY
@Comment ###############################


@book{ Semadeni-Wiweger-Wstep-do-teorii-kategorii-ETC-Pub-1972,
  author =	 {Zbigniew Semadeni and Antoni Wiweger},
  title =	 {Wstęp do~teorii kategorii i~funktorów},
  publisher =	 {Państwowe Wydawnictwo Naukowe},
  address =	 {Warszawa},
  year =	 1972,
  edition =	 {I},
  series =	 {Biblioteka Matematyczna},
  number =	 45,
}










@Comment ###############################
@Comment LOGICS
@Comment ###############################


@book{ Bremer-Wprowadzenie-do-logiki-Pub-2004,
  author =	 {Józef W.~Bremer},
  title =	 {Wprowadzenie do~logiki},
  publisher =	 {Wydawnictwo WAM},
  address =	 {Kraków},
  year =	 2004,
  edition =	 {I},
  series =	 {Myśl Filozoficzna},
}










@Comment ###############################
@Comment MATHEMATICAL LOGICS
@Comment ###############################


@book{ Grzegorczyk-Zarys-logiki-matematycznej-Pub-1975,
  author =	 {Andrzej Grzegorczyk},
  title =	 {Zarys logiki matematycznej},
  publisher =	 {Państwowe Wydawnictwo Naukowe},
  address =	 {Warszawa},
  year =	 1975,
  edition =	 {IV},
  series =	 {Biblioteka matematyczna},
  number =	 20,
}



@book{ Lukasiewicz-Elementy-logiki-matematycznej-Pub-1929,
  author =	 {Jan Łukasiewicz},
  title =	 {Elementy logiki matematycznej. Skryp autoryzowany},
  publisher =	 {Nakładem Komisji Wydawniczej Koła
		  Matematyczno-Fizycznego Słuchaczów Uniwersytetu
		  Warszawskiego},
  address =	 {Warszawa},
  year =	 1929,
  edition =	 {I},
  note =	 {Reprint przez Wydawnictwo Uniwersystetu im.~Adama
		  Mickiewicza w~Poznaniu},
}










@Comment ###############################
@Comment SET THEORY
@Comment ###############################


@book{ Kuratowski-Wstep-do-teorii-mnogosci-i-topologii-ETC-Pub-2004,
  author =	 {Kazimierz Kuratowski},
  title =	 {Wstęp do~teorii mnogości i~topologii},
  publisher =	 {Wydawnictwo Naukowe PWN},
  address =	 {Warszawa},
  year =	 2004,
  edition =	 {IX},
  note =	 {Wraz z~dodatkiem Ryszarda Engelkinga \textit{Elementy
		  topologii algebraicznej}},
}










@Comment #############################################################
@Comment FUNCTIONAL ANALYSIS
@Comment #############################################################


@book{ Balakrishnan-Analiza-funkcjonalna-stosowana-Pub-1992,
  author =	 {A. V. Balakrishnan},
  title =	 {Analiza funkcjonalna stosowana},
  publisher =	 {Wydawnictwo Naukowe PWN},
  address =	 {Warszawa},
  year =	 1992,
  edition =	 {I},
}



@book{ Deitmar-Echterhoff-Principles-of-harmonic-analysis-Pub-2009,
  author =	 {Anton Deitmar and Siegfried Echterhoff},
  title =	 {Principles~of Harmonic Analysis},
  publisher =	 {Springer},
  address =	 {New York, NY},
  year =	 2009,
  edition =	 {{}},
  doi =		 {10.1007/978-0-387-85469-4},
  url =		 {https://doi.org/10.1007/978-0-387-85469-4},
}



@book{ Chmielinski-Analiza-funkcjonalna-Pub-2004,
  author =	 {Jacek Chmieliński},
  title =	 {Analiza funkcjonalna. Notatki do~wykładu},
  publisher =	 {Wydawnictwo Naukowe Akademii Pedagogicznej},
  address =	 {Kraków},
  year =	 2004,
  edition =	 {II~-- uzupełnione},
}



@book{ Prus-Stachura-Analiza-funkcjonalna-w-zadaniach-Pub-2007,
  author =	 {Stanisła Prus and Adam Stachura},
  title =	 {Analiza funkcjonalna w~zadaniach},
  publisher =	 {Wydawnictwo Naukowe PWN},
  address =	 {Warszawa},
  year =	 2007,
  edition =	 {I},
}



@book{ Rudin-Analiza-Funkcjonalna-Pub-2002,
  author =	 {Walter Rudin},
  title =	 {Analiza funkcjonalna},
  publisher =	 {Wydawnictwo Naukowe PWN},
  address =	 {Warszawa},
  year =	 2002,
  edition =	 {II},
}



@book{ Rudin-Analiza-funkcjonalna-Pub-2012,
  author =	 {Walter Rudin},
  title =	 {Analiza funkcjonalna},
  publisher =	 {Wydawnictwo Naukowe PWN},
  address =	 {Warszawa},
  year =	 2012,
  edition =	 {II~-- 4~dodruk},
  note =	 {Tłum. Piotr Sołtan, Tadeusz Świrszcz, Grzegorz
                  Świrszcz},
}



@book{ Schmudgen-Unbounded-selfadjoint-operators-on-ETC-Pub-2012,
  author =	 {Konrad Schmu{\"{u}}dgen},
  title =	 {Unbounded Self-adjoint Operators on~Hilbert Space},
  publisher =	 {Springer},
  address =	 {Dordrecht, Heidelberg, New York, London},
  year =	 2012,
  edition =	 {I},
  series =	 {Graduate Texts in~Mathematics},
  number =	 265,
}










@Comment ###############################
@Comment OPERATORS ALGEBRAS
@Comment ###############################


@book{ Bratteli-Robinson-Operator-algebras-ETC-Vol-I-Pub-2002,
  author =	 {Ola Bratteli and Derek W. Robinson},
  title =	 {Operator Algebras and~Quantum Statistical
                  Mechanics~1. $C^{ * }$- and $W^{ * }$-Algebras,
                  Symmetry Groups, Decomposition~of States},
  publisher =	 {Springer},
  address =	 {Berlin, Heidelberg},
  year =	 2002,
  edition =	 {II},
}










@Comment ###############################
@Comment THEORY OF DISTRIBUTIONS
@Comment ###############################


@book{ Antosik-Mikusinski-Sikorski-Theory-of-distributions-Pub-1973,
  author =	 {P. Antosik and J. Mikusiński and R. Sikorski},
  title =	 {Theory of distributions. The~sequential approach},
  publisher =	 {Elsevier Scientific Publishin Company, PWN~-- Polish
                  Scientific Publishers},
  address =	 {Amsterdam, Warszawa},
  year =	 1973,
}



@book{ Gelfand-Shilov-Generalized-Functions-Vol-I-Pub-1964,
  author =	 {I. M. Gelfand and G. V. Shilov},
  title =	 {Generalized Functions. Volume~I: Properties
		  and~Operations},
  publisher =	 {Academic Press},
  address =	 {New York and London},
  year =	 1964,
}



@book{ Zemanian-Teoria-dystrybucji-ETC-Pub-1969,
  author =	 {Armen H.~Zemanian},
  title =	 {Teoria dystrybucji i~analiza transformat},
  publisher =	 {Państwowe Wydawnictwo Naukowe},
  address =	 {Warszawa},
  edition =	 {I},
  year =	 1969,
}










@Comment #############################################################
@Comment GEOMETRY
@Comment #############################################################


@book{ Gosson-Symplectic-Geometry-and-Quantum-Mechanics-Pub-2000,
  author =	 {Maurice de~Gosson},
  title =	 {Symplecitc Geometry and Quantum Mechanics},
  publisher =	 {Birkh\"{a}user},
  address =	 {Base, Boston, Berlin},
  year =	 2006,
  edition =	 {I},
  series =	 {Operator Theory: Advances and~Applications},
  number =	 166,
}










@Comment #############################################################
@Comment MATHEMATICAL ANALYSIS INCLUDING CALCULUS
@Comment #############################################################



@Comment ###############################
@Comment XIX CENTURY STYLE CALCULUS
@Comment ###############################


@book{ Fichtenholz-Rachunek-rozniczkowy-ETC-Vol-I-Pub-2005,
  author =	 {Grigorij Michajłowicz Fichtenholz},
  title =	 {Rachunek różniczkowy i~całkowy. Tom~I},
  publisher =	 {Wydawnictwo Naukowe PWN},
  address =	 {Warszawa},
  year =	 2005,
  volume =	 {I},
  edition =	 {XII~-- trzeci dodruk},
  note =	 {Tłum. Ryszard Bittner, Bolesław Gleichgewicht,
                  Tadeusz Huskowski},
}



@book{ Fichtenholz-Rachunek-rozniczkowy-ETC-Vol-II-Pub-2004,
  author =	 {Grigorij Michajłowicz Fichtenholz},
  title =	 {Rachunek różniczkowy i~całkowy},
  publisher =	 {Wydawnictwo Naukowe PWN},
  address =	 {Warszawa},
  year =	 2004,
  volume =	 {II},
  edition =	 {XII~-- drugi dodruk},
  note =	 {Tłum. Abraham Goetz, Lucjan Szamkołowicz, Bolesław
                  Gleichgewicht, Tadeusz Huskowski, Edward Piegat},
}



@book{ Fichtenholz-Rachunek-rozniczkowy-ETC-Vol-III-Pub-2005,
  author =	 {Grigorij Michajłowicz Fichtenholz},
  title =	 {Rachunek różniczkowy i~całkowy},
  publisher =	 {Wydawnictwo Naukowe PWN},
  address =	 {Warszawa},
  year =	 2004,
  volume =	 {III},
  edition =	 {X~-- drugi dodruk},
}



@book{ Krysicki-Wlodarski-Analiza-matematyczna-ETC-Vol-I-Pub-2005,
  author =	 {Włodzimierz Krysicki and L. Włodarski},
  title =	 {Analiza matematyczna w~zadaniach},
  publisher =	 {Wydawnictwo Naukowe PWN},
  address =	 {Warszawa},
  year =	 2005,
  volume =	 {I},
  edition =	 {XXIX~-- trzeci dodruk},
}



@book{ Krysicki-Wlodarski-Analiza-w-zadaniach-Vol-II-Pub-2004,
  author =	 {Włodzimierz Krysicki and L. Włodarski},
  title =	 {Analiza matematyczna w~zadaniach},
  publisher =	 {Wydawnictwo Naukowe PWN},
  address =	 {Warszawa},
  year =	 2004,
  volume =	 {II},
  edition =	 {XXVII},
}



@book{ Whittaker-Watson-Kurs-analizy-wspolczesnej-Vol-I-Pub-1967,
  author =	 {E.T. Whittaker and G.N. Watson},
  title =	 {Kurs analizy współczesnej},
  publisher =	 {Państwowe Wydawnictwo Naukowe},
  address =	 {{}},
  year =	 1967,
  volume =	 {I},
}



@book{ Wittaker-Watson-Kurs-analizy-wspolczesnej-Vol-II-Pub-1968,
  author =	 {E.T. Whittaker and G.N. Watson},
  title =	 {Kurs analizy współczesnej},
  publisher =	 {Państwowe Wydawnictwo Naukowe},
  address =	 {{}},
  year =	 1968,
  volume =	 {II},
}










@Comment ###############################
@Comment XX CENTURY STYLE CALCULUS
@Comment ###############################


@book{ Lojasiewicz-Wstep-do-teorii-funkcji-rzeczywistych-Pub-1976,
  author =	 {Stanisław Łojasiewicz},
  title =	 {Wstęp do~teorii funkcji rzeczywistych},
  publisher =	 {Państwowe Wydawnictwo Naukowe},
  address =	 {Warszawa},
  year =	 1976,
  edition =	 {II},
  series =	 {Biblioteka Matematyczna},
  number =	 46,
}



@book{ Maurin-Analiza-Vol-I-Pub-1974,
  author =	 {Krzysztof Maurin},
  title =	 {Analiza. Część~I: Elementy},
  publisher =	 {Państwowe Wydawnictwo Naukowe},
  address =	 {Warszawa},
  year =	 1974,
  edition =	 {III},
  series =	 {Biblioteka Matematyczna},
  number =	 38,
}



@book{ Maurin-Analiza-Vol-II-Pub-1991,
  author =	 {Krzysztof Maurin},
  title =	 {Analiza. Część~II: Ogólne struktury, funkcje
                  algebraiczne, całkowanie, analiza tensorowa},
  publisher =	 {Wydawnictwo Naukowe PWN},
  address =	 {Warszawa},
  year =	 1991,
  volume =	 {II},
  edition =	 {II~-- zmieninone},
  series =	 {Biblioteka Matematyczna},
  number =	 170,
}



@book{ Nahin-Inside-Interesting-Integrals-Pub-2015,
  author =	 {P. J. Nahin},
  title =	 {Inside Interesting Integrals},
  publisher =	 {Springer},
  address =	 {New York, Heidelberg, Dordrecht, London},
  year =	 2015,
  edition =	 {I},
}



@book{ Rudin-Analiza-rzeczywista-i-zespolona-Pub-1986,
  author =	 {Walter Rudin},
  title =	 {Analiza rzeczywista i~zespolona},
  publisher =	 {Państwowe Wydawnictwo Naukowe},
  address =	 {Warszawa},
  year =	 1986,
  edition =	 {I},
}



@book{ Rudin-Analiza-rzeczywista-i-zespolona-Pub-1998,
  author =	 {Walter Rudin},
  title =	 {Analiza rzeczywista i~zespolona},
  publisher =	 {Wydawnictwo Naukowe PWN},
  address =	 {Warszawa},
  year =	 1998,
  edition =	 {II},
}



@book{ Schwartz-Kurs-analizy-matematycznej-Vol-I-Pub-1979,
  author =	 {Laurent Schwartz},
  title =	 {Kurs analizy matematycznej},
  publisher =	 {Państwowe Wydawnictwo Naukowe},
  address =	 {Warszawa},
  year =	 1979,
  volume =	 {I},
  edition =	 {I},
}



@book{ Schwartz-Kurs-analizy-matematycznej-Vol-II-Pub-1980,
  author =	 {Laurent Schwartz},
  title =	 {Kurs analizy matematycznej},
  publisher =	 {Państwowe Wydawnictwo Naukowe},
  address =	 {Warszawa},
  year =	 1980,
  volume =	 {II},
  edition =	 {I},
}



@book{ Stankiewicz-Zadania-z-Matematyki-ETC-Vol-I-Pub-1980,
  author =	 {W. Stankiewicz},
  title =	 {Zadania z~matematyki dla wyższych uczelni
                  technicznych},
  publisher =	 {Państwowe Wydawnictwo Naukowe},
  address =	 {Warszawa},
  year =	 1980,
  edition =	 {V~-- zmienione},
  volume =	 {I},
}










@Comment ###############################
@Comment CALCULUS OF VARIATIONS
@Comment ###############################


@book{ Gelfand-Fomin-Rachunek-wariacyjny-Pub-1972,
  author =	 {I.M. Gelfand and S.W. Fomin},
  title =	 {Rachunek wariacyjny},
  publisher =	 {Państwowe Wydawnictwo Naukowe},
  address =	 {Warszawa},
  year =	 1972,
  edition =	 {II poprawione},
  note =	 {Tłum. Mirosław Mochnacki},
}



@book{ Gelfand-Fomin-Rachunek-wariacyjny-Pub-1979,
  author =	 {I.M. Gelfand and S.W. Fomin},
  title =	 {Rachunek wariacyjny},
  publisher =	 {Państwowe Wydawnictwo Naukowe},
  address =	 {Warszawa},
  year =	 1979,
  edition =	 {IV},
}



@book{ Jost-Li-Jost-Calculus-of-Variations-Pub-1998,
  author =	 {J. Jost and X. Li-Jost},
  title =	 {Calculus~of Variations},
  publisher =	 {Cambridge University Press},
  year =	 1998,
}










@Comment ###############################
@Comment COMPLEX ANALYSIS
@Comment ###############################


@book{ Jakobczak-Jarnicki-Funkcje-holomorficzne-wielu-ETC-Pub-2002,
  author =	 {P. Jakóbczak and M. Jarnicki},
  title =	 {Wstęp do~teorii funkcji holomorficznych wielu
		  zmiennych zespolonych},
  publisher =	 {Wydawnictwo Uniwersytetu Jagiellońskiego},
  address =	 {Kraków},
  year =	 2002,
  edition =	 {I},
}



@book{ Leja-Funkcje-zespolone-Pub-2006,
  author =	 {Franciszek Leja},
  title =	 {Funkcje zespolone},
  publisher =	 {Wydawnictwo Naukowe PWN},
  address =	 {Warszawa},
  year =	 2006,
  edition =	 {VI},
}



@book{ Szabat-Wstep-do-analizy-zespolonej-Pub-1974,
  author =	 {W. B. Szabat},
  title =	 {Wstęp do analizy zespolonej},
  publisher =	 {Państwowe Wydawnictwo Naukowe},
  address =	 {Warszawa},
  year =	 1974,
  edition =	 {I},
}



@book{ Krzyz-Zbior-zadan-z-funkcji-analitycznych-Pub-2005,
  author =	 {Jan Krzyż},
  title =	 {Zbiór zadań z~funkcji analitycznych},
  publisher =	 {Wydawnictwo Naukowe PWN},
  address =	 {Warszawa},
  year =	 2005,
  edition =	 {V},
}










@Comment ###############################
@Comment VECTOR CALCULUS
@Comment ###############################


@book{ Galbis-Maestre-Vector-Analysis-Versus-Pub-1980,
  author =	 {Antonio Galbis and Manuel Maestre},
  title =	 {Vector Analysis Versus Vector Calculus},
  publisher =	 {Springer},
  address =	 {New York, Dordrecht, Heidelberg, London},
  edition =	 {I},
  year =	 1980,
  series =	 {Universitext},
}










@Comment ###############################
@Comment MEASURE THEORY
@Comment ###############################


@book{ Bogachev-Measure-Theory-Pub-2007,
  author =	 {V.I. Bogachev},
  title =	 {Measure Theory},
  publisher =	 {Springer},
  year =	 2007,
  edition =	 {I},
  volume =	 {I},
}



@book{ Krantz-Parks-Geometric-Integration-Theory-Pub-2008,
  author =	 {Steven G.~Krantz, Harold R.~Parks},
  title =	 {Geometric Integration Theory},
  publisher =	 {Birkh{\"{a}}user},
  address =	 {Boston, Basel, Berlin},
  year =	 2008,
  series =	 {Cornerstones},
}





@Comment #############################################################
@Comment MATHEMATICS WORKBOOKS
@Comment #############################################################


@book{ Drobka-Szymanski-Zbior-zadan-z-matematyki-Pub-1993,
  author =	 {Norbert Dróbka and K. Szymański},
  title =	 {Zbiór zadań z~matematyki},
  publisher =	 {Wydawnictwo Szkolne i~Pedagogiczne},
  address =	 {Warszawa},
  year =	 1993,
  edition =	 {III},
}



@book{ Ehrenfeucht-Stande-Algebra-dla-klasy-II-ETC-Pub-1987,
  author =	 {Aniela Ehrenfeucht and Olga Stande},
  title =	 {Algebra dla~klasy~II liceum ogólnokształcącego,
		  liceum zawodowego i~technikum},
  publisher =	 {Wydawnictwo Szkolne i~Pedagogiczne},
  address =	 {Warszawa},
  year =	 1987,
  edition =	 {XVII zmienione},
}



@book{ Steinhaus-Sto-zadan-Pub-1993,
  author =	 {Hugo Steinhaus},
  title =	 {Sto zadań},
  publisher =	 {PHU „DIP”},
  address =	 {Warszawa},
  year =	 1993,
  series =	 {Klasyka Matematyki},
}










@Comment #############################################################
@Comment MULTIFIELDS BOOKS
@Comment #############################################################


@book{ Zakowski-Leksinski-Matematyka-Vol-IV-Pub-1978,
  author =	 {W. Żakowski and W. Leksinski},
  title =	 {Matematyka. Część IV},
  publisher =	 {Wydawnictwo Naukowo-Techniczne},
  address =	 {Warszawa},
  year =	 1978,
  edition =	 {V~-- poprawione},
}










@Comment #############################################################
@Comment NONCOMMUTATIVE GEOMETRY
@Comment #############################################################


@book{ Gracia-Bondia-et-al-Noncommutative-Geometry,
  author =	 {Jos\'{e} M.~Gracia-Bond\'{i}a and Joseph
		  C.~V\'{a}rilly and H\'{e}ctor Figueroa},
  title =	 {Elements~of Noncommutative Geometry},
  publisher =	 {{}},
  address =	 {{}},
  year =	 {{}},
}










@Comment ###############################
@Comment NONSTANDARD ANALYSIS
@Comment ###############################


@book{ Goldblatt-Lectures-on-the-Hyperreals-Pub-1988,
  author =	 {Robert Goldblatt},
  title =	 {Lectures on the~Hyperreals. An~Introduction to
                  Nonstandard Analysis},
  publisher =	 {Springer},
  address =	 {New York, Berlin, Heidelberg, Barcelona, Budapest,
                  Hong Kong, London, Milan, Paris, Singapore, Tokyo},
  year =	 1998,
  edition =	 {I},
  series =	 {Graduate Texts in~Mathematics},
  number =	 188,
}



@online{ Rosinger-Short-intro-Nonstandard-Analysis-Pub-2004,
  author =	 {Elem\acute{e}r E.~Rosinger},
  title =	 {Short introduction to~Nonstandard Analysis},
  year =	 2004,
  month =	 07,
  archivePrefix ={arXiv},
  eprint =	 {0407178},
  primaryClass = {math.GM},
  note =	 {Work published on ArXiv.},
}










@Comment #############################################################
@Comment NUMERICAL ANALYSIS AND METHODS
@Comment #############################################################



@Comment ###############################
@Comment NUMERICAL ANALYSIS
@Comment ###############################


@book{ Ralston-Wstep-do-analizy-numerycznej-Pub-1983,
  author =	 {Anthony Ralston},
  title =	 {Wstęp do~analizy numerycznej},
  publisher =	 {Państwowe Wydawnictwo Naukowe},
  address =	 {Warszawa},
  year =	 1983,
  edition =	 {III},
  note =	 {Z~angielskiego tłumaczył Roman Zuber, wydanie
                  polskie opracował Stefan Paszkowski},
}










@Comment #############################################################
@Comment ORDINARY DIFFERENTIAL EQUATIONS
@Comment #############################################################


@book{ Arnold-Rownania-rozniczkowe-zwyczajne-Pub-1975,
  author =	 {Władimir Igorewicz Arnold},
  title =	 {Równania różniczkowe zwyczajne},
  publisher =	 {Państwowe Wydawnictwo Naukowe},
  address =	 {Warszawa},
  year =	 1975,
  edition =	 {I},
}



@book{ Arnold-Teoria-rownan-rozniczkowych-Pub-1983,
  author =	 {Władymir Igorewicz Arnold},
  title =	 {Teoria równań różniczkowych},
  publisher =	 {Państwowe Wydawnictwo Naukowe},
  address =	 {Warszawa},
  year =	 1983,
  edition =	 {I},
}



@book{ Hairer-Norsett-Wanner-Solving-Oridinary-ETC-Vol-I-Pub-1987,
  author =	 {E. Hairer, S. P. N\{o}rsett, G. Wanner},
  title =	 {Solving Ordinary Differential Equtions~I: Nonstiff
                  Problems},
  publisher =	 {Springer},
  address =	 {{}},
  year =	 1987,
  volume =	 {I},
  series =	 {Springer Series in Computational Mathematics},
  edition =	 {I},
}



@book{ Matwiejew-Metody-calkowania-rownan-rozniczkowych-ETC-Pub-1982,
  author =	 {N.M. Matwiejew},
  title =	 {Metody całkowania równań różniczkowych zwyczajnych},
  publisher =	 {Państwowe Wydawnictwo Naukowe},
  address =	 {Warszawa},
  year =	 1982,
  edition =	 {I},
}



@book{ Matwiejew-Metody-calkowania-rownan-rozniczkowych-ETC-Pub-1986,
  author =	 {N.M. Matwiejew},
  title =	 {Metody całkowania równań różniczkowych zwyczajnych},
  publisher =	 {Państwowe Wydawnictwo Naukowe},
  address =	 {Warszawa},
  year =	 1986,
  edition =	 {IV},
  note =	 {Tłumaczył Lech T.~Kubik},
}



@book{ Teschl-Ordinary-Differential-Equations-ETC-Pub-2012,
  author =	 {G. Teschl},
  title =	 {Ordinary Differential Equations and Dynamical
                  Systems},
  publisher =	 {American Mathematical Society},
  address =	 {{}},
  year =	 2012,
  edition =	 {{}},
  series =	 {Graduate Studies in Mathematics},
  number =	 140,
}










@Comment #############################################################
@Comment PARTIAL DIFFERENTIAL EQUATION
@Comment #############################################################


@book{ Ambrosio-Dancer-Calculus-of-Variations-and-ETC-Pub-1999,
  author =	 {L. Ambrosio and N. Dancer},
  title =	 {Calculus of Variations and Partial Differential
                  Equations. Topics on Geometrical Evolution Problems
                  and Degree Theory},
  publisher =	 {Springer-Verlag},
  address =	 {Berlin Heidelberg GmbH},
  year =	 1999,
  edition =	 {I},
  note =	 {Edited by G. Buttazzo, A. Mariano, M. K. V. Murthy},
}



@book{ Abrosio-et-al-Calculus-of-Variations-and-Non-Linear-ETC-Pub-2008,
  author =	 {Ambrosio Luigi and Luis Caffarelli and Michael~G.
                  Crandall and Lawrence~C. Evans and Nicola Fusco},
  title =	 {Calculus~of Variations and~Non-Linear Partial
                  Differential Equations},
  publisher =	 {Springer},
  address =	 {Berlin, Heidelberg},
  year =	 2008,
  edition =	 {I},
  series =	 {Lecture Notes in~Mathematics},
  number =	 1927,
}



@book{ Evans-Rowania-rozniczowe-czastkowe-Pub-2008,
  author =	 {L.C. Evans},
  title =	 {Równania różniczkowe cząstkowe},
  publisher =	 {Wydawnictwo Naukowe PWN},
  address =	 {Warszawa},
  year =	 2008,
  edition =	 {I},
}



@book{ Hormander-The-Analysis-of-Linear-Vol-I-Pub-1983,
  author =	 {Lars H{\"{o}}rmander},
  title =	 {The~Analysis~of Linear Partial Differential
		  Operators~I. Distributon Theory and~Fourier
		  Analysis},
  address =	 {{}},
  publisher =	 {Springer},
  year =	 1983,
  edition =	 {I},
}



@book{ Marcinkowska-Wstep-do-teorii-rownan-rozniczkowych-ETC-Pub-1986,
  author =	 {Hanna Marcinkowska},
  title =	 {Wstęp do~teorii równań różniczkowych cząstkowych},
  publisher =	 {Państwowe Wydawnictwo Naukowe},
  address =	 {Warszawa},
  edition =	 {II~-- zmienione},
  year =	 1986,
  series =	 {Biblioteka Matematyczna},
  number =	 43,
}



@book{ Strzelecki-Krotkie-wprowadzenie-ETC-Pub-2006,
  author =	 {P. Strzelecki},
  title =	 {Krótkie wprowadzenie do~równań różniczkowych
		  cząstkowych},
  publisher =	 {Wydawnictwo Uniwersytetu Warszawskiego},
  address =	 {Warszawa},
  year =	 2006,
  edition =	 {I},
}



@book{ Szmydt-Transformacja-Fouriera-i-rownania-ETC-Pub-1972,
  author =	 {Zofia Szmydt},
  title =	 {Transformacje Fourier i~równania różniczkowe
                  liniowe},
  publisher =	 {Państwowe Wydawnictwo Naukowe},
  address =	 {Warszawa},
  year =	 1972,
  edition =	 {I},
  series =	 {Biblioteka Matematyczna},
  number =	 44,
}



@book{ Taylor-Partial-differential-equations-Basic-ETC-Vol-I-Pub-1996,
  author =	 {M. E. Taylor},
  title =	 {Partial differential equations. Basic theory},
  publisher =	 {Springer},
  address =	 {{}},
  year =	 1996,
  edition =	 {{}},
  volume =	 {I},
}










@Comment ###############################
@Comment NONLINEAR FUNCTIONAL ANALYSIS
@Comment ###############################


@book{ Zeidler-Nonlinear-Functional-Analysis-ETC-Vol-IIA-Pub-1990,
  author =	 {Eberhard Zeidler},
  title =	 {Nonlinear Functional Analysis and~its Applications.
		  II/A:~Linear Monotone Operators},
  publisher =	 {Springer},
  address =	 {New York, Berlin, Heidelberg, Barcelona, Budapest,
		  Hong Kong, London, Milan, Paris, Santa Clara,
		  Singapore, Tokyo},
  year =	 1990,
  edition =	 {I},
}










@Comment #############################################################
@Comment THEORY OF PROBABILITY AND STATISTICS
@Comment #############################################################


@book{ Billingsley-Prawdopodobienstwo-i-miara-Pub-2009,
  author =	 {Patrick Billingsley},
  title =	 {Prawdopodobieństwo i~miara},
  publisher =	 {Wydawnictwo Naukowe PWN},
  address =	 {Warszawa},
  year =	 2009,
  edition =	 {II},
  note =	 {Tłum. z~języka angielskiego Krystyna Kizeweter,
		  Janusz E.~Roguski},
}



@book{ Gniedenko-Chinczyn-Elementarny-Wstep-ETC-Pub-1965,
  author =	 {B.~Gniedenko and A.~Chinczyn},
  title =	 {Elementarny wstęp do~rachunku prawdopodobieństwa},
  publisher =	 {Państwowe Wydawnictwo Naukowe},
  address =	 {Warszawa},
  year =	 1965,
  edition =	 {IV},
  series =	 {Biblioteka Problemów},
  volume =	 {LXII},
  note =	 {Tłum. A.~Grużewski, R.~Bartoszyński},
}



@book{ Feller-Wstep-do-rachunku-prawdopodobienstwa-Vol-I-Pub-2006,
  author =	 {William Feller},
  title =	 {Wstęp do~rachunku prawdopodobieństwa},
  publisher =	 {Wydawnictwo Naukowe PWN},
  address =	 {Warszawa},
  year =	 2006,
  volume =	 {I},
  edition =	 {VI},
  note =	 {Tłumaczyli Robert Bartoszyński i~Bronisław Bielecki},
}



@book{ Zielinski-Rachunek-prawdopodobienstwa-z-elementami-ETC-Pub-1980,
  author =	 {Ryszard Zieliński},
  title =	 {Rachunek prawdopodobieństwa z~elementami statystyki
                  matematycznej},
  publisher =	 {Wydawnictwo Szkolne i~Pedagogiczne},
  address =	 {Warszawa},
  year =	 1980,
  edition =	 {III},
}










@Comment #############################################################
@Comment VERY SIMPLE BOOKS ABOUT MATHEMATICS
@Comment #############################################################


@book{ Aczel-Wielkie-twierdzenie-Fermata-Pub-1998,
  author =	 {Amir D.~Aczel},
  title =	 {Wielkie twierdzenie Fermata. Rozwiązanie zagadki
                  starego matematycznego problemu},
  publisher =	 {Prószyński i~S-ka},
  address =	 {Warszawa},
  year =	 1998,
  edition =	 {I},
  series =	 {Na ścieżkach nauki},
  note =	 {Tłum. Paweł Strzelecki},
}



@book{ Sautoy-Poker-z-Pitagorasem-Pub-2012,
  author =	 {Marcus du~Sautoy},
  title =	 {Poker z~Pitagorasem},
  publisher =	 {carta blanca},
  address =	 {Warszawa},
  year =	 2012,
  edition =	 {I},
  note =	 {Tłum. Adam Bukowski, Jacek Środa},
}



@book{ Weyl-Symetria-Pub-1997,
  author =	 {Hermann Weyl},
  title =	 {Symetria},
  publisher =	 {Prószyński i~S-ka},
  address =	 {Warszawa},
  year =	 1997,
  edition =	 {II, poprawione},
  series =	 {Klasycy nauki},
  note =	 {Tłum. Stefan Kulczycki},
}



@book{ Yau-Nadis-Geometria-teorii-strun-Pub-2012,
  author =	 {Shing-Tung Yau and Steve Nadis},
  title =	 {Geometria teorii strun. Ukryte wymiary przestrzeni},
  publisher =	 {Prószyński i~S-ka},
  address =	 {Warszawa},
  year =	 2012,
  edition =	 {I},
  note =	 {Tłum. Bogumił Bieniok i~Ewa L.~Łokas},
}










@Comment #############################################################
@Comment HARD TO CLASSIFY, BOOKS
@Comment #############################################################


@book{ Kim-Functiona-Differential-Equations-Pub-1999,
  author =	 {A.~V.~Kim},
  title =	 {Functional Differential Equations. Application~of
                  $i$-smooth Calculus},
  publisher =	 {Springer},
  address =	 {{}},
  year =	 1999,
  edition =	 {I},
  series =	 {Mathematics and~Its Applications},
  number =	 479,
}
