@Comment #############################################################
@Comment #############################################################
@Comment Music, books
@Comment #############################################################
@Comment #############################################################



@Comment #############################################################
@Comment Works about musicians
@Comment #############################################################



@Comment ###############################
@Comment Musicians living in XVII and XVIII century after Christ
@Comment ###############################


@book{ Jarocinski-Mozart-Pub-1983,
  author =	 {Stefan Jarociński},
  title =	 {Mozart},
  publisher =	 {Polskie Wydawnictwo Muzyczne},
  address =	 {Kraków},
  year =	 1983,
  edition =	 {I},
}










@Comment ###############################
@Comment Musicians living in XX and XXI century after Christ
@Comment ###############################


@book{ Chromcewicz-The-Beatles-Pub-1990,
  author =	 {Witold Chromcewicz},
  title =	 {The~Beatles},
  publisher =	 {Polskie Wydawnictwo Muzyczne},
  address =	 {Kraków},
  year =	 1990,
  edition =	 {I},
}










@Comment #############################################################
@Comment History of music
@Comment #############################################################


@book{ Barber-Bach-Beethoven-i-inne-chlopaki-ETC-Pub-2005,
  author =	 {David W. Barber},
  title =	 {Bach, Beethoven i~inne chłopaki, czyli historia
                  muzyki wyłożona wreszcie jak należy},
  publisher =	 {Wydawnictwo Adamant},
  address =	 {Warszawa},
  year =	 2005,
  edition =	 {IV},
  note =	 {Ilustracje: Dave Donald. Tłum. Barbara Świderska},
}



@book{ Barber-Kiedy-gruba-dama-spiewa-ETC-2005,
  author =	 {David W. Barber},
  title =	 {Kiedy gruba dama śpiewa, czyli historia opery
                  wyłożona wreszcie jak należy},
  publisher =	 {Wydawnictwo Adamant},
  address =	 {Warszawa},
  year =	 2005,
  edition =	 {II},
  note =	 {Ilustracje: Dave Donald. Tłum. Barbara Świderska},
}



@book{ Barber-Zygzakiem-przez-muzyke-Pub-2007,
  author =	 {David W. Barber},
  title =	 {Zygzakiem przez muzykę, czyli następna historia
                  muzyki wyłożona wreszcie jak należy},
  publisher =	 {Wydawnictwo Adamant},
  address =	 {Warszawa},
  year =	 2007,
  edition =	 {I},
  note =	 {Ilustracje: Dave Donald. Tłum. Barbara Świderska},
}










@Comment #############################################################
@Comment Music and humor
@Comment #############################################################


@book{ Nowosad-Anegdota-ciekawostka-ETC-Pub-2004,
  author =	 {Janusz Nowosad},
  title =	 {Anegdota, ciekawostka i~dowcip w~muzyce},
  publisher =	 {Wydawnictwo Muzyczne Polihymia},
  address =	 {Lublin},
  year =	 2004,
  note =	 {Rysunki Tomasz Wilczkiewicz},
}










@Comment #############################################################
@Comment Music theory
@Comment #############################################################


@book{ Wesolowski-Zasady-muzyki-Pub-2017,
  author =	 {Franciszek Wesołowski},
  title =	 {Zasady muzyki},
  publisher =	 {Polskie Wydanictwo Muzyczne},
  address =	 {Kraków},
  year =	 2017,
  edition =	 {XVIII, rzut II (2018)},
  note =	 {PWN edition},
}



@book{ Wesolowski-Zasady-muzyki-Pub-2021,
  author =	 {Franciszek Wesołowski},
  title =	 {Zasady muzyki},
  publisher =	 {Polskie Wydanictwo Muzyczne},
  address =	 {Kraków},
  year =	 2021,
  edition =	 {XX},
  note =	 {PWN edition},
}
