@Comment #############################################################
@Comment #############################################################
@Comment LOCAL QUANTUM PHYSICS, ARTICLES
@Comment #############################################################
@Comment #############################################################



@article{ BrunettiDutschFredenhagenPAQFTRenormalizationGroup2009,
  author =	 {Romeo Brunetti and Michael D{\"{u}}tsch and Klaus
                  Fredenhagen},
  title =	 {Perturbative Algebraic Quantum Field Theory and the
                  Renormalization Groups},
  journal =	 {Adv. Theor. Math. Phys.},
  year =	 2009,
  volume =	 13,
  number =	 5,
  pages =	 {1541--1599},
  archivePrefix ={arXiv},
  eprint =	 {0901.2038},
  primaryClass = {math-ph},
}






@article{ HerdegenInfraparticleProblemAsymptoticFieldsETC2014,
  author =	 {Andrzej Herdegen},
  title =	 {Infraparticle problem, asymptotic fields
                  and~Haag-Ruelle theory},
  journal =	 {Ann. Henri Poincar{\'{e}}},
  year =	 2014,
  volume =	 15,
  pages =	 345,
  doi =		 {https://doi.org/10.1007/s00023-013-0242-z},
  archivePrefix ={arXiv},
  eprint =	 {1210.1731},
  primaryClass = {math-ph},
}

















@Comment #############################################################
@Comment LOCAL QUANTUM PHYSICS AND GENERAL RELATIVITY, ARTICLES
@Comment #############################################################


@article{ DimockAlgebrasLocalObservablesOnManifold1980,
  author =	 {Jonathan Dimock},
  title =	 {Algebras~of local observables on~a~manifold},
  journal =	 {Commun. Math. Phys.},
  year =	 1980,
  volume =	 77,
  pages =	 {219--228},
}



@article{ FredenhagenHaagDerivationOfHawkingRadiation1990,
  author =	 {Klaus Fredenhagen and Rudolf Haag},
  title =	 {On~the~derivation~of Hawking radiation associated
                  with the~formation~of a~black hole},
  journal =	 {Communications in Mathematical Physics},
  year =	 1990,
  month =	 {Feb},
  volume =	 127,
  pages =	 {273--284},
  doi =		 {10.1007/BF02096757},
}



@article{ BrunettiFredenhagenMicrolocalAnalysisInteractingQFT2000,
  author =	 {Romeo Brunetti and Klaus Fredenhagen},
  title =	 {Microlocal Analysis and Interacting Quantum Field
                  Theories: Renormalization on Physical Backgrounds},
  journal =	 {Commun. Math. Phys.},
  year =	 2000,
  volume =	 208,
  pages =	 {623--661},
  archivePrefix =arXiv,
  eprint =	 {9903.028v1},
  primaryClass = {math-ph},
}



@article{ BrunettiFredenhagenVerchGenerallyCovariantLocality2003,
  author =	 {Romeo Brunetti nad Klaus Fredenhagen and Rainer
                  Verch},
  title =	 {The~Generally Covariant Locality Principle~-- A~New
                  Paradigm for Local Quantum Field Theory},
  year =	 2003,
  journal =	 {Commun. Math. Phys.},
  volume =	 237,
  pages =	 {31-68},
  doi =		 {https://doi.org/10.1007/s00220-003-0815-7},
  archivePrefix ={arXiv},
  eprint =	 {0112.041v1},
  primaryClass = {math-ph},
}



@article{ HollandRenormalizedQuantumYangMillsFields2008,
  author =	 {Stefan Hollands},
  title =	 {Renormalized Quantum Yang-Mills Fields in~Curved
                  Spacetime},
  journal =	 {Rev. Math. Phys.},
  year =	 2008,
  volume =	 20,
  pages =	 {1033-1172},
  doi =		 {10.1142/S0129055X08003420},
  archivePrefix ={arXiv},
  eprint =	 {0705.3340},
  primaryClass = {gr-qc},
}



@article{ BrunettiFredenhagenQuantumFieldTheoryOnCurvedBackground2009,
  author =	 {R. Brunetti and K. Fredenhagen},
  title =	 {Quantum Field Theory on Curved Backgrounds},
  journal =	 {{}},
  year =	 2009,
  archivePrefix ={arXiv},
  eprint =	 {0901.2063v1},
  primaryClass = {gr-qc},
}



@article{ MorettiPinamontiStateIndependenceTuneelingBlackHole2012,
  author =	 {Moretti, Valter and Pinamonti, Nicola},
  title =	 {State independence for~tunnelling processes through
                  black hole horizons and~Hawking radiation},
  journal =	 {Communications in Mathematical Physics},
  year =	 2012,
  volume =	 309,
  issue =	 2,
  pages =	 {295--311},
  doi =		 {10.1007/s00220-011-1369-8},
  archivePrefix ={arXiv},
  eprint =	 {1011.2994},
  primaryClass = {gr-qc},
}



@article{ ColliniMorettiPinamontiTunellingPhi3OneLoop2014,
  author =	 {Collini, Giovanni and Moretti, Valter and Pinamonti,
		  Nicola},
  year =	 2014,
  title =	 {``Tunnelling'' Black-Hole Radiation with $\phi^{ 3
		  }$ Self-Interaction: One-Loop Computation
		  for~Rindler Killing Horizons},
  journal =	 {Letters in~Mathematical Physics},
  volume =	 104,
  issue =	 2,
  pages =	 {217--232},
  doi =		 {10.1007/s11005-013-0663-0},
  archivePrefix ={arXiv},
  eprint =	 {1302.5253v5},
  primaryClass = {gr-qc},
}




















@Comment #############################################################
@Comment #############################################################
@Comment MATHEMATICAL PERTURBATIONS THEORY IN QFT, ARTICLES
@Comment #############################################################
@Comment #############################################################


@Comment #############################################################
@Comment BOGOLIUBOV-EPSTEIN-GLASER RENORMALISATION, ARTICLES
@Comment #############################################################


@article{ BergbauerKreimerHopfAlgebraOfRootedTrees2005,
  author =	 {Christoph Bergbauer and Dirk Kreimer},
  title =	 {The~Hopf Algebra~of Rooted Trees in~Epstein-Glaser
                  Renormalization},
  journal =	 {Ann. Henri Proincar{\'{e}}},
  year =	 2005,
  volume =	 6,
  pages =	 {343-367},
  doi =		 {https://doi.org/10.1007/s00023-005-0210-3},
  archivePrefix ={arXiv},
  eprint =	 0403207,
  primaryClass = {hep-th},
}



@article{ BufaloEtAlEpstainGlaserLightFrontQEDPartIFreeTheory2014,
  author =	 {R. Bufalo, B.~M. Pimentel and D.~E. Soto},
  title =	 {The Epstein-Glaser causal approach to
		  the~Light-Front QED$_{ 4 }$. I:~Free theory},
  journal =	 {Annals of Physics},
  year =	 2014,
  volume =	 351,
  pages =	 1034,
  doi =		 {10.1016/j.aop.2014.08.004},
  archivePrefix ={arXiv},
  eprint =	 {1405.1896v2},
  primaryClass = {hep-th},
}



@article{ GraciaBondiaImprovedEpsteinGlaserPartI2002,
  author =	 {Jose M. Gracia-Bondia},
  title =	 {Improved Epstein-Glaser renormalization
		  in~coordinate space~I. Euclidean framework},
  journal =	 {Math.Phys.Anal.Geom.},
  year =	 2003,
  volume =	 6,
  pages =	 {59-88},
  archivePrefix ={arXiv},
  eprint =	 {0202023v1},
  primaryClass = {hep-th},
}



@article{ LangeEpsteinGlaserPQFTGraphsHopfAlgebras2005,
  author =	 {Alexander Lange},
  title =	 {The~Epstein-Glaser approach to~pQFT: graphs and~Hopf
		  algebras},
  journal =	 {J. Math. Phys.},
  year =	 2001,
  volume =	 46,
  pages =	 062304,
  doi =		 {10.1063/1.1893215},
  archivePrefix ={arXiv},
  eprint =	 0403246,
  primaryClass = {hep-th},
}










@Comment #############################################################
@Comment #############################################################
@Comment GENERAL THEORY OF RELATIVITY, ARTICLES
@Comment #############################################################
@Comment #############################################################


@article{ DafermosLukTheInteriorOfDynamicalVacuumBlackHolesPartI2017,
  author =	 {Mihalis Dafermos and Jonathan Luk},
  title =	 {The interior of dynamical vacumm black holes~I: The
                  $C^{ 0 }$-stability of the Kerr Cauchy horizon},
  journal =	 {{}},
  year =	 2017,
  archivePrefix ={arXiv},
  eprint =	 {1710.01722v1},
  primaryClass = {gr-qc},
}



@article{ HenriquesNatarioRocketProblemInGeneralRelativity2012,
  author =	 {Pedro G. Henriques, Jose Natario},
  title =	 {The~rocket problem in~general relativity},
  journal =	 {J. Optim. Theory Appl.},
  volume =	 154,
  pages =	 {500--524},
  year =	 2012,
  archivePrefix ={arXiv},
  eprint =	 {1105.5235v2},
  primaryClass = {gr-qc},
}



@article{ PenroseGravitationalCollapseETC1965,
  author =	 {Roger Penrose},
  title =	 {Gravitational collapse and space-time
                  singularieties},
  journal =	 {Phys. Rev. Lett.},
  volume =	 14,
  pages =	 {57--59},
  year =	 1965,
  doi =		 {10.1103/PhysRevLett.14.57},
}










@Comment #############################################################
@Comment PHYSICS OF BLACK HOLES, ARTICLES
@Comment #############################################################


@article{ BekensteinBlackHolesAndEntropy1973,
  author =	 {Jacob D. Bekenstein},
  title =	 {Black Holes and~Entropy},
  journal =	 {Phys. Rev. D},
  year =	 1973,
  volume =	 7,
  pages =	 {2333--2346},
}



@article{ BardeenCarterHawkingFourLawsOfBHMechanics1973,
  author =	 {Bardeen, James M. and Carter, Brandon and Hawking,
		  Stephen W.},
  title =	 {The~Four Law~of Black Hole Mechanics},
  journal =	 {Commun. math. Phys.},
  year =	 1973,
  volume =	 31,
  pages =	 {161--170},
}



@article{ HawkingParticleCreationByBlackHole1975,
  author =	 {Stephen W. Hawking},
  title =	 {Particle Creation by~Black Holes},
  journal =	 {Commun. math. Phys.},
  year =	 1975,
  volume =	 43,
  pages =	 {199--220},
}



@article{ ElvangFigurasBlackSaturn2007,
  author =	 {H. Elvang and P. Figuras},
  title =	 {Black Saturn},
  journal =	 {{}},
  year =	 2007,
  archivePrefix ={arXiv},
  eprint =	 {0701.035v2},
  primaryClass = {hep-th},
}










@Comment #############################################################
@Comment VARIOUS TOPICS IN GENERAL RELATIVITY, ARTICLES
@Comment #############################################################


@article{ ChruscielPaetzMassOfLightCones2014,
  author =	 {Chru≈õciel, Piotr T. and Paetz, Tim-Torben},
  title =	 {The~mass~of light-cones},
  journal =	 {Class. Quantum Grav.},
  year =	 2014,
  volume =	 31,
  pages =	 102001,
  doi =		 {10.1088/0264-9381/31/10/102001},
  archivePrefix ={arXiv},
  eprint =	 {1401.3789v2},
  primaryClass = {gr-qc},
}



@article{ CarterHamiltonJacobiAndSchrodinger1968,
  author =	 {Brandon Carter},
  title =	 {Hamilton-Jacobi and Schr√∂dinger separable solutions
                  of Einstein's equations},
  journal =	 {Communications in Mathematical Physics},
  year =	 1968,
  volume =	 10,
  number =	 4,
  volume =	 10,
  pages =	 {280--310},
  publisher =	 {Springer},
  doi =		 {https://doi.org/10.1007/BF03399503},
}



@article{ BizonIsAdSStable2013,
  author =	 {Piotr Bizo≈Ñ},
  title =	 {Is AdS stable?},
  journal =	 {General Relativity and Gravitation},
  year =	 2013,
  month =	 12,
  volume =	 46,
  pages =	 1724,
  doi =		 {10.1007/s10714-014-1724-0},
  archivePrefix ={arXiv},
  eprint =	 {1312.5544},
  primaryClass = {gr-qc},
}



@article{ GreenWaldNewFramework2011,
  author =	 {Green, Stephen R. and Wald, Robert M.},
  title =	 {New framework for analyzing the effects of small
                  scale inhomogeneities in cosmology},
  journal =	 {Phys. Rev. D},
  year =	 2011,
  month =	 {Apr},
  volume =	 83,
  issue =	 8,
  pages =	 084020,
  numpages =	 27,
  publisher =	 {American Physical Society},
  doi =		 {10.1103/PhysRevD.83.084020},
  url =		 {https://link.aps.org/doi/10.1103/PhysRevD.83.084020},
}



@article{ NatarioRelativityAndSingularities2005,
  author =	 {Jos\acute{e} Nat\acute{a}rio},
  title =	 {Relativity and~Singularities --~A~Short Introduction
		  for~Mathematicians},
  journal =	 {Sao Paulo J. Math. Sci.},
  year =	 2005,
  volume =	 6,
  pages =	 {309-335},
  archivePrefix ={arXiv},
  eprint =	 {0603190v4},
  primaryClass = {math.DG},
}










@Comment #############################################################
@Comment #############################################################
@Comment NONCOMUTATIVE GEOMETRY AND PHYSICS, ARTICLE
@Comment #############################################################
@Comment #############################################################


@article{ GraciaBondiaNGCAndFundamentalInteractionsFirst10Years2002,
  author =	 {Jose M. Gracia-Bondia},
  title =	 {Noncommutative geometry and~fundamental
		  interactions: the~first ten years},
  year =	 2002,
  journal =	 {Annalen Phys.},
  volume =	 11,
  pages =	 {479-495},
  doi =		 {10.1142/S0217751X12600135},
  archivePrefix ={arXiv},
  eprint =	 {0206006v2},
  primaryClass = {hep-th},
}










@Comment #############################################################
@Comment #############################################################
@Comment STRANGE PHYSICAL THEORIES, ARTICLES
@Comment #############################################################
@Comment #############################################################


@article{ MaldacenaLargeNLimitOfSuperconformalFieldTheories1999,
  author =	 {Juan Maldacena},
  title =	 {The~Large-$N$ Limit~of Superconformal Field Theories
                  and~Supergravity},
  journal =	 {International Journal of Theoretical Physics},
  year =	 1999,
  volume =	 38,
  pages =	 1113,
  doi =		 {https://doi.org/10.1023/A:1026654312961},
  archivePrefix ={arXiv},
  eprint =	 {9711200v3},
  primaryClass = {hep-th},
}










@Comment #############################################################
@Comment STRING THEORY, ARTICLES
@Comment #############################################################


@article{ SchwarzStringTheoryEarlyYears2000,
  author =	 {John H.~Schwarz},
  title =	 {String Theory: The~Early Years},
  journal =	 {{}},
  year =	 2000,
  archivePrefix ={arXiv},
  eprint =	 {0007.118.v3},
  primaryClass = {hep-th},
}



@article{ MateosStringTheoryChromodynamics2007,
  author =	 {David Mateos},
  title =	 {String Theory and~Quantum Chromodynamics},
  journal =	 {Class. Quant. Grav.},
  year =	 2007,
  volume =	 24,
  pages =	 {713--740},
  archivePrefix ={arXiv},
  eprint =	 {0709.1523},
  primaryClass = {hep-th},
}










@Comment #############################################################
@Comment #############################################################
@Comment HISTORY OF THEORETICAL PHYSICS, ARTICLES
@Comment #############################################################
@Comment #############################################################


@article{ SchwingerGreeningOfQuantumFieldTheoryETC1993,
  author =	 {Julian Schwinger},
  title =	 {The~Greening~of Quantum Field Theory: George and~I},
  year =	 1993,
  journal =	 {{}},
  archivePrefix ={arXiv},
  eprint =	 {9310283v1},
  primaryClass = {hep-ph},
}



@article{ WittenANoteOnEinsteinBergmannAndTheFifthDimension2014,
  author =	 {Edward Witten},
  title =	 {A~Note On~Einstein, Bergmann, and the Fifth
                  Dimension},
  journal =	 {{}},
  year =	 2014,
  archivePrefix ={arXiv},
  eprint =	 {1401.8048v1},
  primaryClass = {hist-ph},
}










@Comment #############################################################
@Comment #############################################################
@Comment #############################################################
@Comment PHYSICS AND BIOLOGY, ARTICLES
@Comment #############################################################
@Comment #############################################################
@Comment #############################################################


@article{ EnglandStatisticalPhysicsOfSelfReplication2012,
  author =	 {Jeremy L. England},
  title =	 {Statistical Physics~of Self-Replication},
  journal =	 {{}},
  year =	 2012,
  doi =		 {10.1063/1.4818538},
  archivePrefix ={arXiv},
  eprint =	 {1209.1179},
  primaryClass = {physics.bio-ph},
}



@article{ MarslandEnglandFarFromEquilibrium2015,
  author =	 {Robert Marsland III and Jeremy England},
  title =	 {Far-from-Equilibrium Distribution from
		  Near-Steady-State Work Fluctuations},
  journal =	 {Phys. Rev. E},
  year =	 2015,
  volume =	 92,
  pages =	 052120,
  doi =		 {10.1103/PhysRevE.92.052120},
  archivePrefix ={arXiv},
  eprint =	 {1501.00238},
  primaryClass = {physics.bio-ph},
}



@article{ MarslandEnglandSpeedStrengthDissipationInBiologicalSelfAssem2018,
  author =	 {Robert Marsland III, Jeremy England},
  title =	 {Speed, strength and~dissipation in~biological
		  self-assembly},
  journal =	 {Phys. Rev. E},
  year =	 2018,
  volume =	 98,
  pages =	 022411,
  doi =		 {10.1103/PhysRevE.98.022411},
  archivePrefix ={arXiv},
  eprint =	 {1711.02172v1},
  primaryClass = {physics.bio-ph},
}



@article{ PerunovMarshlandEnglandStatiscticalPhysicsOfAdaptation2016,
  author =	 {Perunov, Nikolai and Marsland, Robert and England,
		  Jeremy},
  title =	 {Statistical Physics of Adaptation},
  journal =	 {Phys. Rev. X},
  year =	 2016,
  volume =	 6,
  archivePrefix ={arXiv},
  eprint =	 {1412.1875v1},
  primaryClass = {physics.bio-ph},
}



@article{ SarkarEnglandDesignConditionsForEmergenceOfSelfReplicators2017,
  author =	 {Sarkar, Sumantra and England, Jeremy L.},
  title =	 {Design~of conditions for~emergence~of
		  self-replicators},
  journal =	 {{}},
  year =	 2017,
  archivePrefix ={arXiv},
  eprint =	 {1709.09191v3},
  primaryClass = {cond-mat.soft},
}










@Comment #############################################################
@Comment #############################################################
@Comment HARD TO CLASSIFY
@Comment #############################################################
@Comment #############################################################





@article{ KusekTransformacjeBogolubowa2012,
  author =	 {Patryk Kusek},
  year =	 2012,
  title =	 {Transformacje Bogolubowa w uk≈Çadach kwantowych},
  journal =	 {{}},
  volume =	 {{}},
  pages =	 {{}},
}
