@Comment #############################################################
@Comment #############################################################
@Comment #############################################################
@Comment PHILOSOPHY, ARTICLES
@Comment #############################################################
@Comment #############################################################
@Comment #############################################################




@Comment #############################################################
@Comment #############################################################
@Comment PHILOSOPHY, XX AND XXI CENTURY, ARTICLES
@Comment #############################################################
@Comment #############################################################


@article{ TerczSzkicNaTematTeoriiKinaDeleuze,
  author =	 {Jakub Tercz},
  title =	 {Szkic na~temat teorii kina Gillesa Deleuzeâ€™a. Metoda
                  i~zarys struktury},
  journal =	 {{}},
  month =	 {{}},
  year =	 {{}},
  volume =	 {{}},
  number =	 {{}},
  pages =	 {{}},
  publisher =	 {{}},
  doi =		 {{}},
}










@Comment #############################################################
@Comment #############################################################
@Comment HISTORY OF PHILOSOPHY, ARTICLES
@Comment #############################################################
@Comment #############################################################



@Comment #############################################################
@Comment HISTORY OF PHILOSOPHY FROM 1900 TO 1950, ARTICLES
@Comment #############################################################


@article{ SkidelshyStrangeDeathOfBritishIdealism2007,
  author =	 {Edward Skidelsku},
  title =	 {The~Strange Death~of British Idealism},
  journal =	 {Philosophy and~Literature},
  month =	 {April},
  year =	 2007,
  volume =	 31,
  number =	 1,
  pages =	 {41-51},
  publisher =	 {Johns Hopkins University Press},
  doi =		 {10.1353/phl.2007.0017},
}
