@Comment #############################################################
@Comment #############################################################
@Comment Philosophy, articles
@Comment #############################################################
@Comment #############################################################



@Comment #############################################################
@Comment Analitic philosophy
@Comment #############################################################


@article{ Nowaczyk-Czy-Tarski-zdefiniowal-pojecie-prawdy-1998,
  author =	 {Adam Nowaczyk},
  title =	 {Czy Tarski zdefiniował pojęcie prawdy?},
  journal =	 {Przegląd Filozoficzny~-- Nowa seria},
  year =	 1998,
  volume =	 {VII},
  number =	 2,
  pages =	 {5--30},
  issn =	 {1230-1493},
}



@article{ Wolenski-Co-tez-oni-mowia-ETC-1996,
  author =	 {Jan Woleński},
  title =	 {Co~też oni mówią o~semantycznej definicji prawdy?},
  journal =	 {Filozofia nauk},
  year =	 1996,
  volume =	 {IV},
  number =	 1,
  issue =	 13,
  pages =	 {113--116},
}








@Comment ###############################
@Comment Articles about Gottlob Frege's thought
@Comment ###############################


@article{ Bogucki-Cala-matematyka-to-w-zasadzie-geometria-ETC-2019,
  author =	 {Krystian Bogucki},
  title =	 {„Cała matematyka to właściwie geometria”. Poglądy
                  Gottloba Fregego na podstawy matematyki po upadku
                  logicyzmu},
  journal =	 {HYBRIS},
  year =	 2019,
  issue =	 44,
}



@Comment @article{ ,
@Comment   author =	 {},
@Comment   title =	 {},
@Comment   journal =	 {},
@Comment   year =	 ,
@Comment   volume =	 ,
@Comment   number =	 ,
@Comment   pages =	 {},
@Comment }



@Comment @article{ ,
@Comment   author =	 {},
@Comment   title =	 {},
@Comment   journal =	 {},
@Comment   year =	 ,
@Comment   volume =	 ,
@Comment   number =	 ,
@Comment   pages =	 {},
@Comment }



@Comment @article{ ,
@Comment   author =	 {},
@Comment   title =	 {},
@Comment   journal =	 {},
@Comment   year =	 ,
@Comment   volume =	 ,
@Comment   number =	 ,
@Comment   pages =	 {},
@Comment }



@Comment @article{ ,
@Comment   author =	 {},
@Comment   title =	 {},
@Comment   journal =	 {},
@Comment   year =	 ,
@Comment   volume =	 ,
@Comment   number =	 ,
@Comment   pages =	 {},
@Comment }



@Comment @article{ ,
@Comment   author =	 {},
@Comment   title =	 {},
@Comment   journal =	 {},
@Comment   year =	 ,
@Comment   volume =	 ,
@Comment   number =	 ,
@Comment   pages =	 {},
@Comment }



@Comment @article{ ,
@Comment   author =	 {},
@Comment   title =	 {},
@Comment   journal =	 {},
@Comment   year =	 ,
@Comment   volume =	 ,
@Comment   number =	 ,
@Comment   pages =	 {},
@Comment }










@Comment #############################################################
@Comment History of philosophy
@Comment #############################################################



@Comment ###############################
@Comment History of philosophy from 1900 to 1950
@Comment ###############################


@article{ Skidelsky-The-Strange-Death-of-British-Idealism-2007,
  author =	 {Edward Skidelsky},
  title =	 {The~Strange Death~of British Idealism},
  journal =	 {Philosophy and~Literature},
  month =	 {04},
  year =	 2007,
  volume =	 31,
  number =	 1,
  pages =	 {41-51},
  publisher =	 {Johns Hopkins University Press},
  doi =		 {https://doi.org/10.1353/phl.2007.0017},
}










@Comment #############################################################
@Comment The Holy Faith and philosophy
@Comment #############################################################


@article{ Portier-Twentieth-Century-Catholic-Theology-and-ETC,
  author =	 {William L. Portier},
  title =	 {Twentieth-Century Catholic Theology and The Triumph
                  of Maurice Blondel},
  journal =	 {{}},
  year =	 {{}},
  volume =	 {{}},
  number =	 {{}},
  pages =	 {{}},
}










@Comment #############################################################
@Comment Philosophy, XX and XXI century
@Comment #############################################################


@article{ Tercz-Szkic-na-temat-teorii-kina-Gillesa-Deleuzea-ETC,
  author =	 {Jakub Tercz},
  title =	 {Szkic na~temat teorii kina Gillesa Deleuze’a. Metoda
                  i~zarys struktury},
  journal =	 {{}},
  month =	 {{}},
  year =	 {{}},
  volume =	 {{}},
  number =	 {{}},
  pages =	 {{}},
  publisher =	 {{}},
  doi =		 {{}},
}










@Comment #############################################################
@Comment Political philosophy
@Comment #############################################################


@article{ Feser-Replay-to-Block-on-Liberatarianism-is-Unique-2010,
  author =	 {Edward Feser},
  title =	 {Reply to Block on Libertarianism is Unique},
  journal =	 {Journal of Libertarian Studies},
  year =	 2010,
  volume =	 22,
  issue =	 1,
  pages =	 {261--272},
}
