@Comment #############################################################
@Comment #############################################################
@Comment MATHEMATICAL PHYSICS, BOOKS
@Comment #############################################################
@Comment #############################################################


@book{ ArnoldKhesinTopologicalMethodsHydrodanamics1998,
  author =	 {Vladimir I.~Arnold and Boris A.~Khesin},
  title =	 {Topological Methods in~Hydrodynamics},
  publisher =	 {Springer},
  address =	 {New York, Berlin, Heidelberg, Barcelona, Hong Kong,
                  London, Milan, Paris, Singapore, Tokyo},
  year =	 1998,
  series =	 {Applied Mathematical Sciences},
  volume =	 125,
}



@book{ CourantHilbertMethodOfMathematicalPhysics1953,
  author =	 {Richard Courant and David Hilbert},
  title =	 {Methods~of Mathematical Physics},
  publisher =	 {Interscience Publishers, INC.},
  address =	 {New York},
  year =	 1953,
}



@book{ GlimmJaffeQuantumPhysicsAFunctinalPointOfView1981,
  author =	 {J. Glimm and A. Jaffe},
  title =	 {Quantum Physics. A Functional Point of View},
  publisher =	 {Springer},
  address =	 {New York Heidelberg Berlin},
  year =	 1981,
}



@book{ StreaterWightmanPCT2000,
  author =	 {Raymond F. Streater and Arthur S. Wightman},
  title =	 {PCT, Spin and~Statistic, and~All That},
  publisher =	 {Princton Univeristy Press},
  address =	 {Princton and~Oxford},
  year =	 2015,
  edition =	 {IV},
}



@book{ MitterPittnerRecentDevelopmentsInMathematicalPhysics1987,
  author =	 {Editors: H. Mitter and L. Pittner},
  title =	 {Recent Developments in~Mathematical Physics},
  publisher =	 {Springer-Verlang},
  address =	 {Berlin, Heidelberg, New York, London, Paris, Tokyo},
  year =	 1987,
  edition =	 {I},
}



@book{ ThirringFizykaMatematycznaVolI1985,
  author =	 {Walter Thirring},
  title =	 {Fizyka matematyczna. Tom~I: Klasyczne układy
                  dynamiczne},
  publisher =	 {Państwowe Wydawnictwo Naukowe},
  address =	 {Warszawa},
  year =	 1985,
  edition =	 {I},
  volume =	 {I},
}



@book{ ThirringFizykaMatematycznaTomII1985,
  author =	 {Walter Thirring},
  title =	 {Fizyka matematyczna. Tom~II: Klasyczna teoria
		  pola},
  publisher =	 {Państwowe Wydawnictwo Naukowe},
  address =	 {Warszawa},
  year =	 1985,
  volume =	 {II},
  edition =	 {I},
}



@book{ ThirringFizykaMatematycznaTomIII1986,
  author =	 {Walter Thirring},
  title =	 {Fizyka matematyczna. Tom~III: Mechanika kwantowa
                  atomów i~cząstek},
  publisher =	 {Państwowe Wydawnictwo Naukowe},
  address =	 {Warszawa},
  year =	 1986,
  volume =	 {III},
  edition =	 {I},
}



@book{ ThirringFizykaMatematycznaVolIV1987,
  author =	 {Walter Thirring},
  title =	 {Fizyka matematyczna. Tom~IV: Mechanika kwantowa
		  wielkich układów},
  publisher =	 {Państwowe Wydawnictwo Naukowe},
  address =	 {Warszawa},
  year =	 1987,
  volume =	 {IV},
  edition =	 {I},
}



@book{ BicadzeKaliniczenkoZbiorZadanZRownaniaFizykiMatematycznej1984,
  author =	 {A. W. Bicadze and D. F. Kaliniczenko},
  title =	 {Zbiór zadań z równań fizyki matematycznej},
  publisher =	 {Państwowe Wydawnictwo Naukowe},
  address =	 {Warszawa},
  year =	 1984,
  edition =	 {I},
}










@Comment #############################################################
@Comment MATHEMATICAL QUANTUM MECHANICS, BOOKS
@Comment #############################################################


@book{ AlbeverioEtAlSolvableModelsInQuantumMechanics1988,
  author =	 {Sergio Albeverio and Friedrich Gesztesy and Raphael
                  H{\o}egh-Krohn and Helge Holden},
  title =	 {Solvable Models in~Quantum Mechanics},
  publisher =	 {Springer},
  address =	 {New York, Berlin, Heidelberg, London, Paris, Tokyo},
  year =	 1988,
  series =	 {Texts and~Monographs in~Physics},
}




















@Comment #############################################################
@Comment #############################################################
@Comment #############################################################
@Comment BIOLOGY, BOOKS
@Comment #############################################################
@Comment #############################################################
@Comment #############################################################


@book{ KrzanowskaEtALZarysMechanizmowEwolucji2002,
  author =	 {H. Krzanowska and A. Łomnicki and J. Rafiński and H.
                  Szarski and J. M. Szymura},
  title =	 {Zarys mechanizmów ewolucji},
  publisher =	 {Wydawnictwo Naukowe PWN},
  address =	 {Warszawa},
  year =	 2002,
  edition =	 {III~-- zmienione},
}


@book{ KunickiGoldfingerPodstawBiologiiG1980,
  author =	 {Władysław J.~H.~Kunicki-Goldfinger},
  title =	 {Podstawy biologii. Od~bakterii do~człowieka},
  publisher =	 {Państwowe Wydawnictwo Naukowe},
  address =	 {Warszawa},
  year =	 1980,
  edition =	 {II},
}










@Comment #############################################################
@Comment #############################################################
@Comment #############################################################
@Comment CHEMISTRY, BOOKS
@Comment #############################################################
@Comment #############################################################
@Comment #############################################################



@book{ PaulingChemiaOgolna1959,
  author =	 {Linus Pauling},
  title =	 {Chemia ogólna. Wstęp do~chemii opisowej z~zarysem
                  nowoczesnych teorii},
  publisher =	 {Państwowe Wydawnictwo Naukowe},
  address =	 {Warszawa},
  year =	 1959,
  edition =	 {I},
}



@book{ PazdroChemiaDlaKandydatow1982,
  author =	 {Krzysztof M.~Pazdro},
  title =	 {Chemia dla kandydatów na~wyższe uczelnie},
  publisher =	 {Państwowe Wydawnictwo Naukowe},
  address =	 {Warszawa},
  year =	 1982,
  edition =	 {II},
}










@Comment #############################################################
@Comment #############################################################
@Comment #############################################################
@Comment ENGINERING SCIENCE, BOOKS
@Comment #############################################################
@Comment #############################################################
@Comment #############################################################


@book{ WegrzynInMemoriam2012,
  author =	 {Red. Andrzej Kwiecień and~Piotr Gaj},
  title =	 {Stefan Węgrzyn In~Memoriam},
  publisher =	 {Silesian University~of Technology Press},
  address =	 {Gliwice},
  year =	 2012,
  edition =	 {I},
}



@book{ WegrzynPodstawyAutomatyki1980,
  author =	 {Stefan Węgrzyn},
  title =	 {Podstawy automatyki},
  publisher =	 {Państwowe Wydawnictwo Naukowe},
  address =	 {Warszawa},
  year =	 1980,
  edition =	 {V},
}










@Comment #############################################################
@Comment #############################################################
@Comment #############################################################
@Comment SCIENTIFIC TABLES, BOOKS
@Comment #############################################################
@Comment #############################################################
@Comment #############################################################


@book{ MizerskiMaleTabliceFizycznoAstronomiczne2004,
  author =	 {Witold Mizerski},
  title =	 {Małe tablice fizyczno-matematyczne},
  publisher =	 {Wydawnictwo Adamantan},
  address =	 {Warszawa},
  year =	 2004,
  edition =	 {II},
}



@book{ WojtowiszTablice4Cyfrowe1970,
  author =	 {Władysław Wojtowicz},
  title =	 {Tablice matematyczno-fizyczne czterocyfrowe},
  publisher =	 {Państwowe Zakłady Wydawnictw Szkolnych},
  address =	 {Warszawa},
  year =	 1970,
  edition =	 {XXIII},
  note =	 {Opracowali Cz. Białobrzeski, Z. Gajewski, E. Rybka
                  i~A.M. Rusiecki},
}
