@Comment #############################################################
@Comment #############################################################
@Comment PHILOSOPHY, ARTICLES
@Comment #############################################################
@Comment #############################################################



@Comment #############################################################
@Comment ANALITIC PHILOSOPHY
@Comment #############################################################


@article{ NowaczykCzyTarskiZdefiniowalPojeciePrawdy1998,
  author =	 {Adam Nowaczyk},
  title =	 {Czy Tarski zdefiniował pojęcie prawdy?},
  journal =	 {Przegląd Filozoficzny~-- Nowa seria},
  year =	 1998,
  volume =	 {VII},
  number =	 2,
  pages =	 {5--30},
  issn =	 {1230-1493},
}



@article{ WolenskiCoTezOniMowiaETC1996,
  author =	 {Jan Woleński},
  title =	 {Co~też oni mówią o~semantycznej definicji prawdy?},
  journal =	 {Filozofia nauk},
  year =	 1996,
  volume =	 {IV},
  number =	 1,
  issue =	 13,
  pages =	 {113--116},
}








@Comment ###############################
@Comment ARTICLES ABOUT GOTTLOB FREGE'S THOUGHT
@Comment ###############################


@article{ BoguckiCalaMatematykaToWZasadzieGeometriaETC2019,
  author =	 {Krystian Bogucki},
  title =	 {„Cała matematyka to właściwie geometria”. Poglądy
                  Gottloba Fregego na podstawy matematyki po upadku
                  logicyzmu},
  journal =	 {HYBRIS},
  year =	 2019,
  issue =	 44,
}



@article{ ,
  author =	 {},
  title =	 {},
  journal =	 {},
  year =	 ,
  volume =	 ,
  number =	 ,
  pages =	 {},
}



@article{ ,
  author =	 {},
  title =	 {},
  journal =	 {},
  year =	 ,
  volume =	 ,
  number =	 ,
  pages =	 {},
}



@article{ ,
  author =	 {},
  title =	 {},
  journal =	 {},
  year =	 ,
  volume =	 ,
  number =	 ,
  pages =	 {},
}



@article{ ,
  author =	 {},
  title =	 {},
  journal =	 {},
  year =	 ,
  volume =	 ,
  number =	 ,
  pages =	 {},
}



@article{ ,
  author =	 {},
  title =	 {},
  journal =	 {},
  year =	 ,
  volume =	 ,
  number =	 ,
  pages =	 {},
}



@article{ ,
  author =	 {},
  title =	 {},
  journal =	 {},
  year =	 ,
  volume =	 ,
  number =	 ,
  pages =	 {},
}










@Comment #############################################################
@Comment HISTORY OF PHILOSOPHY
@Comment #############################################################



@Comment ###############################
@Comment HISTORY OF PHILOSOPHY FROM 1900 TO 1950
@Comment ###############################


@article{ SkidelshyStrangeDeathOfBritishIdealism2007,
  author =	 {Edward Skidelsku},
  title =	 {The~Strange Death~of British Idealism},
  journal =	 {Philosophy and~Literature},
  month =	 {April},
  year =	 2007,
  volume =	 31,
  number =	 1,
  pages =	 {41-51},
  publisher =	 {Johns Hopkins University Press},
  doi =		 {https://doi.org/10.1353/phl.2007.0017},
}










@Comment #############################################################
@Comment HOLLY FAITH AND PHILOSOPHY
@Comment #############################################################


@article{ PortierTwentiethCenturyCatholicTheologyETC,
  author =	 {William L. Portier},
  title =	 {Twentieth-Century Catholic Theology and The Triumph
                  of Maurice Blondel},
  journal =	 {{}},
  year =	 {{}},
  volume =	 {{}},
  number =	 {{}},
  pages =	 {{}},
}










@Comment #############################################################
@Comment PHILOSOPHY, XX AND XXI CENTURY
@Comment #############################################################


@article{ TerczSzkicNaTematTeoriiKinaDeleuzeETC,
  author =	 {Jakub Tercz},
  title =	 {Szkic na~temat teorii kina Gillesa Deleuze’a. Metoda
                  i~zarys struktury},
  journal =	 {{}},
  month =	 {{}},
  year =	 {{}},
  volume =	 {{}},
  number =	 {{}},
  pages =	 {{}},
  publisher =	 {{}},
  doi =		 {{}},
}










@Comment #############################################################
@Comment POLITICAL PHILOSOPHY
@Comment #############################################################


@article{ FeserReplayToBlockOnLiberatarianismIsUnique2010,
  author =	 {Edward Feser},
  title =	 {Reply to Block on Libertarianism is Unique},
  journal =	 {Journal of Libertarian Studies},
  year =	 2010,
  volume =	 22,
  issue =	 1,
  pages =	 {261--272},
}