@Comment #############################################################
@Comment #############################################################
@Comment Philosophy, online resources
@Comment #############################################################
@Comment #############################################################


@Comment #############################################################
@Comment
@Comment #############################################################