@Comment #############################################################
@Comment #############################################################
@Comment #############################################################
@Comment PHYSICS, BOOKS
@Comment #############################################################
@Comment #############################################################
@Comment #############################################################



@Comment #############################################################
@Comment #############################################################
@Comment ANALYSIS OF PHYSICAL DATA, BOOKS
@Comment #############################################################
@Comment #############################################################


@book{ RedSzydlowskiTeoriaPomiarow1981,
  author =	 {Red. Henryk Szykłowski},
  title =	 {Teoria pomiarów},
  publisher =	 {Państwowe Wydawnictwo Naukowe},
  address =	 {Warszawa},
  year =	 1981,
  edition =	 {I},
}










@Comment #############################################################
@Comment #############################################################
@Comment #############################################################
@Comment GREAT WORKS OF PHYSICS, BOOKS
@Comment #############################################################
@Comment #############################################################
@Comment #############################################################


@book{ NewtonMatematyczneZasadyFilozofiiPrzyrody2011,
  author =	 {Isaac Newton},
  title =	 {Matematyczne zasady filozofii przyrody},
  publisher =	 {Copernicus Center Press},
  address =	 {Kraków},
  year =	 2011,
  edition =	 {I},
}










@Comment #############################################################
@Comment #############################################################
@Comment INTRODUCTINS TO PHYSICS, BOOKS
@Comment #############################################################
@Comment #############################################################


@book{ FeynmanEtAlWykladyZFizykiVolI2004,
  author =	 {Richard P. Feynman and Robert B. Leighton and
                  Matthew Sands},
  title =	 {Feynman wykłady z~fizyki. Tom~I: Mechanika,
                  szczególna teoria względności},
  publisher =	 {Wydawnictwo Naukowe PWN},
  address =	 {Warszawa},
  year =	 2004,
  volume =	 {I},
  edition =	 {V, 1 dodruk},
}



@book{ JedrzejewskiKruczekKujawskiZbiorZadanZFizykiETC1973,
  author =	 {J. Jędrzejewski and W. Kruczek and A. Kujawski},
  title =	 {Zbiór zadań z~fizyki dla kandydatów na~wyższe
                  uczelnie techniczne},
  publisher =	 {Wydawnictwo Naukowo-Techniczne},
  address =	 {Warszawa},
  year =	 1973,
  edition =	 {I},
}










@Comment #############################################################
@Comment #############################################################
@Comment NEWTONIAN MECHANICS, BOOKS
@Comment #############################################################
@Comment #############################################################


@book{ KittelKnightRudermanMechanika1975,
  author =	 {C. Kittel, W. D. Knight and M. A. Ruderman},
  title =	 {Mechanika},
  publisher =	 {Państwowe Wydawnictwo Naukowe},
  adress =	 {Warszawa},
  year =	 1975,
  edition =	 {III},
}



@book{ SiutaMechanikaTechniczna,
  author =	 {W. Siuta},
  title =	 {Mechanika techniczna},
  publisher =	 {Wydawnictwo Szkolne i~Pedagogiczne},
  year =	 {{}},
  edition =	 {XXVII},
}



@book{ SkalmierskiMechanika1977,
  author =	 {Bogdan Skalmierski},
  title =	 {Mechanika},
  publisher =	 {Państwowe Wydawnictwo Naukowe},
  year =	 1977,
  edition =	 {I},
}



@book{ SkalmierskiMechanikaZWytrzymalosciaMaterialow1983,
  author =	 {Bogdan Skalmierski},
  title =	 {Mechanika z~wytrzymałością materiałów},
  publisher =	 {Państwowe Wydawnictwo Naukowe},
  address =	 {Warszawa},
  year =	 1983,
  edition =	 {II, zmienione},
}



@book{ SkalmierskiMechanika1998,
  author =	 {Bogdan Skalmierski},
  title =	 {Mechanika},
  publisher =	 {Wydawnictwo Naukowe PWN},
  address =	 {Warszawa},
  year =	 1998,
  edition =	 {IV rozszerzone},
}



@book{ SkalmierskiPodstawyMechanikiKlasycznejTomI1998,
  author =	 {Bogdan Skalmierski},
  title =	 {Mechanika. Tom~1: Podstawy mechaniki klasycznej},
  publisher =	 {Wydawnictwo Politechniki Częstochowskiej},
  year =	 1998,
  edition =	 {I},
}
