@Comment #############################################################
@Comment #############################################################
@Comment Physics, articles, PhD thesis, etc.
@Comment #############################################################
@Comment #############################################################



@Comment #############################################################
@Comment Clerk Maxwell electrodynamics
@Comment #############################################################


@article{ Chambers-Frisch-The-anomalous-skin-effect-1952,
  author =	 {R.G. Chambers and O.R. Frisch},
  title =	 {The anomalous skin effect},
  journal =	 {Proceedings of the Royal Society of London.
                  Series~A. Mathematical and Physical Sciences},
  year =	 1952,
  volume =	 215,
  number =	 1123,
  pages =	 {481--497},
  doi =		 {10.1098/rspa.1952.0226},
  url =
                  {https://royalsocietypublishing.org/doi/abs/10.1098/rspa.1952.0226},
  eprint =
                  {https://royalsocietypublishing.org/doi/pdf/10.1098/rspa.1952.0226},
}



@article{ Hampshire-A-derivation-of-Maxwells-ETC-2018,
  author =	 {Damian P.~Hampshire},
  title =	 {A~derivation~of Maxwell's equations using
                  the~Heaviside notation},
  journal =	 {Phil. Trans. R. Soc. A},
  year =	 2018,
  month =	 04,
  volume =	 376,
  issue =	 11,
  pages =	 {1051--1056},
  doi =		 {http://dx.doi.org/10.1098/rsta.2017.0447},
}



@article{ Rohrlich-The-dynamics-of-a-charged-ETC-1997,
  author =	 {F. Rohrlich},
  title =	 {The~dynamics~of a~charged sphere and the~electron},
  journal =	 {Am.~J. Phys.},
  year =	 1997,
  month =	 11,
  volume =	 65,
  issue =	 11,
  pages =	 {1051--1056},
}










@Comment #############################################################
@Comment Condensate matter physics
@Comment #############################################################


@Comment ###############################
@Comment Theory of condensate matter physics
@Comment ###############################


@article{ Anderson-Plasmons-Gauge-Invariance-and-Mass-1963,
  author =	 {P.W. Anderson},
  title =	 {Plasmons, Gauge Invariance, and Mass},
  journal =	 {Physcial Review},
  year =	 1963,
  month =	 04,
  volume =	 130,
  issue =	 1,
  pages =	 {439--442},
  numpages =	 0,
  publisher =	 {American Physical Society},
  doi =		 {10.1103/PhysRev.130.439},
  url =		 {https://link.aps.org/doi/10.1103/PhysRev.130.439},
}



@article{ Balents-Spin-liquids-in-frustrated-magnets-2010,
  author =	 {Leon Balents},
  title =	 {Spin liquids in frustrated magnets},
  journal =	 {Nature},
  year =	 2010,
  month =	 03,
  volume =	 464,
  issue =	 1,
  pages =	 {199-209},
  doi =		 {10.1038/nature08917},
}



@online{ Gingras-Spin-ice-2009,
  author =	 {Michel J. P. Gingras},
  title =	 {Spin Ice},
  year =	 2009,
  doi =		 {https://doi.org/10.48550/arXiv.0903.2772},
  archivePrefix ={arXiv},
  eprint =	 {0903.2772},
  primaryClass = {cond-mat.stat-mech},
}



@article{ Katsnelson-Novoselov-Geim-Chiral-Tunneling-and-ETC-2006,
  author =	 {M.I. Katsnelson and K.S. Novoselov and A.K. Geim},
  title =	 {Chiral tunneling and the~Klein paradox in~graphene},
  journal =	 {Nature Physics},
  year =	 2006,
  month =	 08,
  volume =	 2,
  pages =	 {620--625},
  doi =		 {https://doi.org/10.1038/nphys384},
  archivePrefix ={arXiv},
  eprint =	 0604323,
  primaryClass = {cond-mat.mes-hall},
}



@article{ Peres-Colloquium-The-Transport-properties-of-ETC-2010,
  author =	 {N.M.R. Peres},
  title =	 {\textit{Colloquium}: The~transport properties~of
                  graphen: An~introduction},
  journal =	 {Rev. Mod. Phys.},
  year =	 2010,
  month =	 09,
  volume =	 82,
  issue =	 3,
  pages =	 {2673--2700},
  numpages =	 0,
  publisher =	 {American Physical Society},
  doi =		 {10.1103/RevModPhys.82.2673},
  url =		 {https://link.aps.org/doi/10.1103/RevModPhys.82.2673},
  archivePrefix ={arXiv},
  eprint =	 {1007.2849},
  primaryClass = {cond-mat.mes-hall},
}



@article{ Qi-Witten-Zhang-Axion-topological-field-theory-of-ETC-2013,
  author =	 {Xiao-Liang Qi and Edward Witten and Shou-Cheng
                  Zhang},
  title =	 {Axion topological field theory of topological
                  superconductors},
  journal =	 {Phys. Rev. B},
  year =	 2013,
  month =	 04,
  volume =	 87,
  issue =	 13,
  pages =	 134519,
  numpages =	 10,
  publisher =	 {American Physical Society},
  doi =		 {10.1103/PhysRevB.87.134519},
  url =		 {https://link.aps.org/doi/10.1103/PhysRevB.87.134519},
  archivePrefix ={arXiv},
  eprint =	 {1206.1407},
  primaryClass = {cond-mat.supr-con},
}



@article{ Rycesz-Recher-Wimmer-Conformal-mapping-and-shot-ETC-2009,
  author =	 {Adam Rycerz and Patrik Recher and Michael Wimmer},
  title =	 {Conformal mapping and shot noise in graphene},
  journal =	 {Phys. Rev. B},
  year =	 2009,
  month =	 09,
  volume =	 80,
  issue =	 12,
  pages =	 125417,
  numpages =	 14,
  publisher =	 {American Physical Society},
  doi =		 {10.1103/PhysRevB.80.125417},
  url =		 {https://link.aps.org/doi/10.1103/PhysRevB.80.125417},
}



@article{ Rycerz-Magnetoconductance-of-the-Carbino-ETC-2010,
  author =	 {Adam Rycerz},
  title =	 {Magnetoconductance~of the~Corbino disk in~graphene},
  journal =	 {Phys. Rev. B},
  year =	 2010,
  month =	 {03},
  volume =	 81,
  issue =	 12,
  pages =	 121404,
  numpages =	 4,
  publisher =	 {American Physical Society},
  doi =		 {10.1103/PhysRevB.81.121404},
  url =		 {https://link.aps.org/doi/10.1103/PhysRevB.81.121404},
  archivePrefix ={arXiv},
  eprint =	 {0909.3018},
  primaryClass = {cond-mat.mes-hall},
}










@Comment #############################################################
@Comment Field theory
@Comment #############################################################


@article{ Atmaja-Ramadhan-Bogomolnyi-equastions-of-ETC-2014,
  author =	 {Ardian N. Atmaja and Handhika S. Ramadhan},
  title =	 {Bogomol'nyi equations of classical solutions},
  journal =	 {Phys. Rev. D},
  year =	 2014,
  month =	 11,
  volume =	 90,
  issue =	 10,
  pages =	 105009,
  numpages =	 11,
  publisher =	 {American Physical Society},
  doi =		 {10.1103/PhysRevD.90.105009},
  url =		 {https://link.aps.org/doi/10.1103/PhysRevD.90.105009},
  archivePrefix ={arXiv},
  eprint =	 {1406.6180},
  primaryClass = {hep-th},
}



@article{ Bogomolny-The-stability-of-classical-solutions-1976,
  author =	 {E.B. Bogomolny},
  title =	 {The stability of classical solutions},
  journal =	 {Sov. J. Nucl. Phys.},
  year =	 1976,
  volume =	 24,
  number =	 4,
  pages =	 {449--454},
}



@article{ Morris-BPS-equastions-and-solutions-ETC-2022,
  author =	 {J.R. Morris},
  title =	 {BPS equations and solutions for Maxwellâ€“scalar
                  theory},
  journal =	 {Annals of Physics},
  year =	 2022,
  volume =	 438,
  issue =	 12,
  pages =	 168782,
  publisher =	 {American Physical Society},
  issn =	 {0003-4916},
  doi =		 {https://doi.org/10.1016/j.aop.2022.168782},
  url =
                  {https://www.sciencedirect.com/science/article/pii/S0003491622000185},
  archivePrefix ={arXiv},
  eprint =	 {2202.03988},
  primaryClass = {hep-th},
}










@Comment ###############################
@Comment Mathematical field theory
@Comment ###############################


@online{ Sardanashvily-Ten-lectures-on-jet-manifold-ETC-2002,
  author =	 {Gennadi A.~Sardanashvily},
  title =	 {Ten lectures on jet manifold in classical and
                  quantum field theory},
  year =	 2002,
  doi =		 {https://doi.org/10.48550/arXiv.math-ph/0203040},
  archivePrefix ={arXiv},
  eprint =	 0203040,
  primaryClass = {math-ph},
  note =	 {ArXiv e-prints},
}










@Comment ###############################
@Comment Mathematical field theory with constrains
@Comment ###############################


@online{ Giachetta-et-al-Lagrangian-and-Hamiltonian-dynamics-ETC-2006,
  author =	 {G. Giachetta and L. Mangiarotti and G.
                  Sardanashvily},
  title =	 {Lagrangian and~Hamiltonian dynamics~of submanifolds},
  year =	 2006,
  doi =		 {https://doi.org/10.48550/arXiv.math-ph/0604066},
  archivePrefix ={arXiv},
  eprint =	 0604066,
  primaryClass = {math-ph},
  note =	 {ArXiv e-prints},
}





@Comment #############################################################
@Comment General theory of relativity
@Comment #############################################################


@article{ Dafermos-Luk-The-interior-of-dynamical-vacuum--Part-I-ETC-2017,
  author =	 {Mihalis Dafermos and Jonathan Luk},
  title =	 {The interior of dynamical vacumm black holes~I: The
                  $C^{ 0 }$-stability of the Kerr Cauchy horizon},
  journal =	 {{}},
  year =	 2017,
  archivePrefix ={arXiv},
  eprint =	 {1710.01722v1},
  primaryClass = {gr-qc},
}



@article{ Henriques-Natario-The-rocket-problem-ETC-2012,
  author =	 {Pedro G. Henriques and Jose Natario},
  title =	 {The~rocket problem in~general relativity},
  journal =	 {J. Optim. Theory Appl.},
  volume =	 154,
  pages =	 {500--524},
  year =	 2012,
  archivePrefix ={arXiv},
  eprint =	 {1105.5235v2},
  primaryClass = {gr-qc},
}



@online{ Kerr-Do-Black-Holes-have-Singularities-2023,
  author =	 {R.P. Kerr},
  title =	 {Do Black Holes have Singularities?},
  year =	 2023,
  doi =		 {https://doi.org/10.48550/arXiv.2312.00841},
  archivePrefix ={arXiv},
  eprint =	 {2312.00841},
  primaryClass = {gr-qc},
}



@article{ Penrose-Gravitational-collapse-and-ETC-1965,
  author =	 {Roger Penrose},
  title =	 {Gravitational collapse and space-time
                  singularieties},
  journal =	 {Phys. Rev. Lett.},
  volume =	 14,
  pages =	 {57--59},
  year =	 1965,
  doi =		 {10.1103/PhysRevLett.14.57},
}










@Comment ###############################
@Comment Physics of black holes
@Comment ###############################


@article{ Bekenstein-Black-Holes-and-Entropy-1973,
  author =	 {Jacob D. Bekenstein},
  title =	 {Black Holes and~Entropy},
  journal =	 {Phys. Rev. D},
  year =	 1973,
  volume =	 7,
  pages =	 {2333--2346},
}



@article{ Bardeen-Carter-Hawking-The-Four-Laws-of-ETC-1973,
  author =	 {James M. Bardeen and Brandon Carter and Stephen W.
                  Hawking},
  title =	 {The~Four Law~of Black Hole Mechanics},
  journal =	 {Commun. math. Phys.},
  year =	 1973,
  volume =	 31,
  pages =	 {161--170},
}



@article{ Hawking-Particle-Creation-by-Black-Hole-1975,
  author =	 {Stephen W. Hawking},
  title =	 {Particle Creation by~Black Holes},
  journal =	 {Commun. math. Phys.},
  year =	 1975,
  volume =	 43,
  pages =	 {199--220},
}



@article{ Elvang-Figuras-Black-Saturn-2007,
  author =	 {H. Elvang and P. Figuras},
  title =	 {Black Saturn},
  journal =	 {{}},
  year =	 2007,
  archivePrefix ={arXiv},
  eprint =	 {0701.035v2},
  primaryClass = {hep-th},
}










@Comment #############################################################
@Comment Various topics in general relativity
@Comment #############################################################


@article{ Chrusciel-Paetz-The-mass-of-light-cones-2014,
  author =	 {Piotr T. ChruÅ›ciel and Tim-Torben Paetz},
  title =	 {The~mass~of light-cones},
  journal =	 {Class. Quantum Grav.},
  year =	 2014,
  volume =	 31,
  pages =	 102001,
  doi =		 {10.1088/0264-9381/31/10/102001},
  archivePrefix ={arXiv},
  eprint =	 {1401.3789v2},
  primaryClass = {gr-qc},
}



@article{ Carter-Hamilton-Jacobi-and-Schrodinger-ETC-1968,
  author =	 {Brandon Carter},
  title =	 {Hamilton-Jacobi and SchrÃ¶dinger separable solutions
                  of Einstein's equations},
  journal =	 {Communications in Mathematical Physics},
  year =	 1968,
  volume =	 10,
  number =	 4,
  volume =	 10,
  pages =	 {280--310},
  publisher =	 {Springer},
  doi =		 {https://doi.org/10.1007/BF03399503},
}



@article{ Bizon-Is-AdS-stable-2013,
  author =	 {Piotr BizoÅ„},
  title =	 {Is AdS stable?},
  journal =	 {General Relativity and Gravitation},
  year =	 2013,
  month =	 12,
  volume =	 46,
  pages =	 1724,
  doi =		 {10.1007/s10714-014-1724-0},
  archivePrefix ={arXiv},
  eprint =	 {1312.5544},
  primaryClass = {gr-qc},
}



@article{ Green-Wald-New-framework-for-analyzing-ETC-2011,
  author =	 {Stephen R. Green and Robert M. Wald},
  title =	 {New framework for analyzing the effects of small
                  scale inhomogeneities in cosmology},
  journal =	 {Phys. Rev. D},
  year =	 2011,
  month =	 {Apr},
  volume =	 83,
  issue =	 8,
  pages =	 084020,
  numpages =	 27,
  publisher =	 {American Physical Society},
  doi =		 {10.1103/PhysRevD.83.084020},
  url =		 {https://link.aps.org/doi/10.1103/PhysRevD.83.084020},
}



@article{ Natario-Relativity-and-Singularities-ETC-2005,
  author =	 {Jos\acute{e} Nat\acute{a}rio},
  title =	 {Relativity and~Singularities --~A~Short Introduction
		  for~Mathematicians},
  journal =	 {Sao Paulo J. Math. Sci.},
  year =	 2005,
  volume =	 6,
  pages =	 {309-335},
  archivePrefix ={arXiv},
  eprint =	 {0603190v4},
  primaryClass = {math.DG},
}










@Comment #############################################################
@Comment Hydrodynamics and fluid dynamics
@Comment #############################################################


@Comment ###############################
@Comment Turbulence
@Comment ###############################


@article{ Frishman-Falkovich-New-type-of-anomaly-in-tubulence-2014,
  author =	 {Anna Frishman and Gregory Falkovich},
  title =	 {New type~of anomaly in~tubulence},
  journal =	 {Phys. Rev. Lett.},
  year =	 2014,
  volume =	 113,
  pages =	 024501,
  archivePrefix ={arXiv},
  eprint =	 {1401.6141},
  primaryClass = {nlin.CD},
}










@Comment #############################################################
@Comment Mathematical physics
@Comment #############################################################


@online{ Duchamp-et-al-Hopf-Algebras-in-General-ETC-2008,
  author =	 {G. H. E. Duchamp and P. Blasiak and A. Horzela and
                  K. A. Penson and A. I. Solomon},
  title =	 {Hopf Algebras in General and in Combinatorial
                  Physics: a~practical introduction},
  year =	 2008,
  doi =		 {https://doi.org/10.48550/arXiv.0802.0249},
  archivePrefix ={arXiv},
  eprint =	 {0802.0249},
  primaryClass = {quant-ph},
  note =	 {ArXiv e-prints},
}



@article{ Hoppe-Hynek-Diffeomorphism-Algebra-Structure-ETC-2011,
  author =	 {Jens Hoppe and Mariusz Hynek},
  title =	 {Diffeomorphism Algebra Structure and Membrane
                  Theory},
  journal =	 {Analysis and Mathematical Physics},
  year =	 2011,
  month =	 08,
  volume =	 2,
  issue =	 3,
  pages =	 {277--283},
  doi =		 {https://doi.org/10.1007/s13324-012-0033-6},
  archivePrefix ={arXiv},
  eprint =	 {1108.4248},
  primaryClass = {math-ph},
}










@Comment #############################################################
@Comment Newtonian mechanics
@Comment #############################################################


@Comment ###############################
@Comment Theoretical Newtonian mechanics
@Comment ###############################


@online{ Wilkinson-Non-existence-physical-solutions-ETC-2015,
  author =	 {Mark Wilkinson},
  title =	 {Non-existence~of Physical Classical Solutions
                  to~Euler's Equations of Rigid Body Dynamics},
  year =	 2015,
  doi =		 {https://doi.org/10.48550/arXiv.1506.04860},
  archivePrefix ={arXiv},
  eprint =	 {1506.04860},
  primaryClass = {math-ph},
  note =	 {ArXiv e-prints},
}










@Comment #############################################################
@Comment Noncomutative geometry and physics
@Comment #############################################################


@article{ Gracia-Bondia-Noncommutative-geometry-and-2002,
  author =	 {Jose M. Gracia-Bondia},
  title =	 {Noncommutative geometry and~fundamental
                  interactions: the~first ten years},
  year =	 2002,
  journal =	 {Annalen Phys.},
  volume =	 11,
  pages =	 {479-495},
  doi =		 {10.1142/S0217751X12600135},
  archivePrefix ={arXiv},
  eprint =	 0206006,
  primaryClass = {hep-th},
}










@Comment #############################################################
@comment Particle physics theory
@Comment #############################################################


@article{ Susskind-Dual-Symmetric-Theory-of-Hadrons-Part-I-1970,
  author =	 {Leonard Susskind},
  title =	 {Dual-Symmetric Theory~of Hadrons~-- I},
  journal =	 {Il~Nuovo Cimento},
  year =	 1970,
  volume =	 {LXIX A},
  pages =	 {457--496},
}










@Comment #############################################################
@Comment Physics of speacetime
@Comment #############################################################


@online{ Chrusciel-Elements-of-causality-theory-2011,
  author =	 {Piotr T.~ChruÅ›ciel},
  title =	 {Elements of causality theory},
  year =	 2011,
  doi =		 {https://doi.org/10.48550/arXiv.1110.6706},
  archivePrefix ={arXiv},
  eprint =	 {1110.6706},
  primaryClass = {gr-qc},
  note =	 {ArXiv e-prints},
}



@online{ Herdegen-Flat-spacetime-in-a-capsule-2009,
  author =	 {Andrzej Herdegen},
  title =	 {Flat spacetime in~a~capsule},
  year =	 2009,
  doi =		 {https://doi.org/10.48550/arXiv.0905.4386},
  archivePrefix ={arXiv},
  eprint =	 {0905.4386},
  primaryClass = {physics.class-ph},
  note =	 {ArXiv e-prints},
}










@Comment ###############################
@Comment General relativity
@Comment ###############################










@Comment #############################################################
@Comment QFT
@Comment #############################################################


@article{ Bertlmann-Anomalies-in-quantum-ETC-1995,
  author =	 {R.A. Bertlmann},
  title =	 {Anomalies in quantum field theory: Dispersion
                  relations and differential geometry},
  journal =	 {Nuclear Physics~B~-- Proceedings Supplements},
  year =	 1995,
  volume =	 39,
  number =	 {2},
  pages =	 {482-487},
  issn =	 {0920-5632},
  doi =		 {https://doi.org/10.1016/0920-5632(95)00122-P},
  url =
                  {https://www.sciencedirect.com/science/article/pii/092056329500122P},
  archivePrefix ={arXiv},
  eprint =	 {9411254},
  primaryClass = {hep-ph},
  note =	 {QCD 94},
}



@article{ Guralnik-Hagen-Kibble-Global-conservation-laws-and-ETC-1964,
  author =	 {G.S. Guralnik, C.R. Hagen, T.W.B. Kibble},
  title =	 {Global conservation laws and massless particles},
  journal =	 {Phys. Rev. Lett.},
  year =	 1964,
  month =	 11,
  volume =	 13,
  issue =	 20,
  pages =	 {585--587},
  publisher =	 {American Physical Society},
  doi =		 {10.1103/PhysRevLett.13.585},
  url =		 {https://link.aps.org/doi/10.1103/PhysRevLett.13.585},
}










@Comment ###############################
@Comment Mathematical QFT
@Comment ###############################


@article{ Fulling-Nonuniqueness-of-Canocial-Field-ETC-1973,
  author =	 {Stephen A. Fulling},
  title =	 {Nonuniqueness of Canonical Field Quantization in
                  Riemannian Space-Time},
  journal =	 {Phys. Rev. D},
  year =	 1973,
  month =	 05,
  volume =	 7,
  issue =	 10,
  pages =	 {2850--2862},
  numpages =	 0,
  publisher =	 {American Physical Society},
  doi =		 {https://doi.org/10.1103/PhysRevD.7.2850},
  url =		 {https://link.aps.org/doi/10.1103/PhysRevD.7.2850},
}



@article{ Witten-Quantum-Field-Theory-and-Jones-Polynomial-1989,
  author =	 {Edward Witten},
  title =	 {Quantum Field Theory and the~Jones Polynomial},
  journal =	 {Commun. Math. Phys.},
  year =	 1989,
  volume =	 121,
  pages =	 {351-399},
  url =		 {https://projecteuclid.org/euclid.cmp/1104178138},
}



@online{ Mickelsson-Gerbes-and-quantum-field-theory-2006,
  author =	 {Jouko Mickelsson},
  title =	 {Gerbes and~quantum field theory},
  year =	 2006,
  doi =		 {https://doi.org/10.48550/arXiv.math-ph/0603031},
  archivePrefix ={arXiv},
  eprint =	 0603031,
  primaryClass = {math-ph},
  note =	 {ArXiv e-prints},
}



@online{ Summers-Prespective-on-Constructive-ETC-2012,
  author =	 {Stephen J. Summers},
  title =	 {A~Perspective on~Constructive Quantum Field Theory},
  year =	 2012,
  doi =		 {https://doi.org/10.48550/arXiv.1203.3991},
  archivePrefix ={arXiv},
  eprint =	 {1203.3991},
  primaryClass = {math-ph},
  note =	 {ArXiv e-prints},
}










@Comment ###############################
@Comment QFT and particle physics
@Comment ###############################


@article{ Duch-Dutsch-Gracia-Bondia-Diphoton-decay-of-the-Higgs-ETC-2021,
  author =	 {PaweÅ‚ Duch and Michael DÃ¼tsch and JosÃ© M.
                  Gracia-BondÃ­a},
  title =	 {Diphoton decay of the higgs from the Epsteinâ€“Glaser
                  viewpoint},
  journal =	 {Eur. Phys.~J.~C},
  year =	 2021,
  volume =	 81,
  issue =	 2,
  pages =	 {131--175},
  doi =		 {https://doi.org/10.1140/epjc/s10052-021-08898-z},
  url =		 {https://doi.org/10.1140/epjc/s10052-021-08898-z},
  archivePrefix ={arXiv},
  eprint =	 {2011.12675},
  primaryClass = {hep-th},
}










@Comment ###############################
@Comment Quantum chromodynamics
@Comment ###############################


@article{ Ambjorn-Greensite-Peterson-The-axial-anomaly-and-ETC-1983,
  author =	 {J. AmbjÃ¸rn and J. Greensite and C. Peterson},
  title =	 {The axial anomaly and the lattice Dirac sea},
  journal =	 {Nucl. Phys. B},
  year =	 1983,
  volume =	 221,
  number =	 2,
  pages =	 {381--408},
  issn =	 {0550-3213},
  doi =		 {https://doi.org/10.1016/0550-3213(83)90585-0},
  url =
                  {http://www.sciencedirect.com/science/article/pii/0550321383905850},
}



@article{ Higgs-Broken-Symmetries-and-the-Masses-of-Gauge-Bosons-ETC-1968,
  author =	 {Peter W. Higgs},
  title =	 {Broken Symmetries and the Masses of Gauge Bosons},
  journal =	 {Phys. Rev. Lett.},
  year =	 1964,
  volume =	 13,
  issue =	 16,
  pages =	 {508--509},
  numpages =	 0,
  month =	 {Oct},
  publisher =	 {American Physical Society},
  doi =		 {10.1103/PhysRevLett.13.508},
  url =		 {https://link.aps.org/doi/10.1103/PhysRevLett.13.508},
}










@Comment ###############################
@Comment Quantum electrodynamics
@Comment ###############################


@article{ Gockeler-et-al-Is-there-a-Landau-Pole-Problem-ETC-1998,
  author =	 {M. G\"{o}ckeler and R. Horsley and V. Linke and P.
                  Rakow and G. Schierholz and H. StÃ¼ben},
  title =	 {Is~there a~Landau Pole Problem in~QED?},
  journal =	 {Phys. Rev. Lett.},
  year =	 1997,
  volume =	 80,
  pages =	 {4119-04122},
  doi =		 {10.1103/PhysRevLett.80.4119},
  archivePrefix ={arXiv},
  eprint =	 {9712244v1},
  primaryClass = {hep-th},
}










@Comment ###############################
@Comment Renormalization
@Comment ###############################


@article{ tHooft-Veltman-Regularization-and-renormalization-ETC-1972,
  author =	 {G. {'t Hooft} and M. Veltman},
  title =	 {Regularization and renormalization of gauge fields},
  journal =	 {Nuclear Physics B},
  year =	 1972,
  volume =	 44,
  number =	 1,
  pages =	 {189--213},
  issn =	 {0550-3213},
  doi =		 {https://doi.org/10.1016/0550-3213(72)90279-9},
  url =
                  {https://www.sciencedirect.com/science/article/pii/0550321372902799},
}



@article{ Mutet-et-al-Taylor-Lagrange-renormalization-ETC-2012,
  author =	 {B. Mutet, P. Grang\accute{e} and E. Werner},
  title =	 {Taylor-Lagrange renormalization and~gauge theories
		  in~four dimensions},
  journal =	 {J. Phys. A: Math. Theor.},
  year =	 2012,
  volume =	 45,
  pages =	 315401,
}










@Comment #############################################################
@Comment Quantum physics
@Comment #############################################################


@phdthesis{ Taylor-The-Relation-Between-Classical-ETC-1984,
  author =	 {Peter Taylor},
  title =	 {The~Relation Between Classical and Quantum
                  Mechanics},
  school =	 {Oxford University},
  year =	 1984,
  doi =		 {https://doi.org/10.48550/arXiv.1806.08827},
  archivePrefix ={arXiv},
  eprint =	 180608827,
  primaryClass = {quant-ph},
  note =	 {ArXiv e-prints},
}










@Comment ###############################
@Comment Quantum mechanics and philosophy
@Comment ###############################


@article{ dEspagnat-Consciousness-and-the-Wigners-ETC-2005,
  author =	 {Bernard d'Espagnat},
  title =	 {Consciousness and the Wigner's friend problem},
  journal =	 {Foundations~of Physics},
  year =	 2005,
  volume =	 35,
  pages =	 1943,
  doi =		 {10.1007/s10701-005-8656-1},
  archivePrefix ={arXiv},
  eprint =	 {0402121},
  primaryClass = {quant-ph},
}










@Comment ###############################
@Comment Quantum mechanics and related fields
@Comment ###############################


@article{ Gukov-Witten-Branes-and-Quantization-ETC-2009,
  author =	 {Sergei Gukov and Edward Witten},
  title =	 {Branes and~Quantization},
  journal =	 {Advances in~Theoretical and~Mathematical Physics},
  year =	 2009,
  volume =	 13,
  number =	 5,
  pages =	 {1445-1518},
  doi =		 {10.4310/ATMP.2009.v13.n5.a5},
  archivePrefix ={arXiv},
  eprint =	 {0809.0305},
  primaryClass = {hep-th},
}



@article{ Witten-A-New-Look-At-The-Path-Integral-ETC-2010,
  author =	 {Edward Witten},
  title =	 {A~New Look At~The~Path Integral~Of Quantum Mechanics},
  journal =	 {Surveys in Differential Geometry},
  year =	 2010,
  volume =	 15,
  pages =	 {345--420},
  archivePrefix ={arXiv},
  eprint =	 {1009.6032},
  primaryClass = {hep-th},
}










@Comment #############################################################
@Comment Statistical physics
@Comment #############################################################


@article{ Blume-Emery-Griffiths-Ising-Model-for-the-lambda-ETC-1971,
  author =	 {M. Blume and V. J. Emery and Robert B. Griffiths},
  title =	 {Ising Model for the $\ensuremath{\lambda}$
                  Transition and Phase Separation in
                  ${\mathrm{He}}^{3}$-${\mathrm{He}}^{4}$ Mixtures},
  journal =	 {Phys. Rev. A},
  year =	 1971,
  month =	 08,
  volume =	 4,
  issue =	 3,
  pages =	 {1071--1077},
  numpages =	 0,
  publisher =	 {American Physical Society},
  doi =		 {10.1103/PhysRevA.4.1071},
  url =		 {https://link.aps.org/doi/10.1103/PhysRevA.4.1071},
}










@Comment ###############################
@Comment Mathematical quantum statistical mechanics
@Comment ###############################


@article{ Majewski-On-Quantum-Statistical-Mechanics-2017,
  author =	 {WÅ‚adysÅ‚aw Adam Majewski},
  title =	 {On Quantum Statistical Mechanics: A Study Guide},
  journal =	 {Advances in Mathematical Physics},
  year =	 2016,
  month =	 08,
  volume =	 2017,
  doi =		 {10.1155/2017/9343717},
  archivePrefix ={arXiv},
  eprint =	 {1608.06766},
  primaryClass = {math-ph},
}










@Comment #############################################################
@Comment Physics and biology
@Comment #############################################################


@article{ England-Statistical-Physics-of-Self-Replication-2012,
  author =	 {Jeremy L. England},
  title =	 {Statistical Physics~of Self-Replication},
  journal =	 {{}},
  year =	 2012,
  doi =		 {10.1063/1.4818538},
  archivePrefix ={arXiv},
  eprint =	 {1209.1179},
  primaryClass = {physics.bio-ph},
}



@article{ Marsland-England-Far-from-Equilibrium-ETC-2015,
  author =	 {Robert Marsland III and Jeremy England},
  title =	 {Far-from-Equilibrium Distribution from
		  Near-Steady-State Work Fluctuations},
  journal =	 {Phys. Rev. E},
  year =	 2015,
  volume =	 92,
  pages =	 052120,
  doi =		 {10.1103/PhysRevE.92.052120},
  archivePrefix ={arXiv},
  eprint =	 {1501.00238},
  primaryClass = {physics.bio-ph},
}



@article{ Marsland-England-Speed-strength-and-dissipation-ETC-2018,
  author =	 {Robert Marsland III, Jeremy England},
  title =	 {Speed, strength and~dissipation in~biological
		  self-assembly},
  journal =	 {Phys. Rev. E},
  year =	 2018,
  volume =	 98,
  pages =	 022411,
  doi =		 {10.1103/PhysRevE.98.022411},
  archivePrefix ={arXiv},
  eprint =	 {1711.02172},
  primaryClass = {physics.bio-ph},
}



@article{ Perunov-Marshland-England-Statisctical-Physics-of-ETC-2016,
  author =	 {Nikolai Perunov and Robert Marsland and Jeremy England},
  title =	 {Statistical Physics of Adaptation},
  journal =	 {Phys. Rev. X},
  year =	 2016,
  volume =	 6,
  archivePrefix ={arXiv},
  eprint =	 {1412.1875},
  primaryClass = {physics.bio-ph},
}



@article{ Sarkar-England-Design-of-conditions-for-ETC-2017,
  author =	 {Sumantra Sarkar and Jeremy L. England},
  title =	 {Design~of conditions for~emergence~of
		  self-replicators},
  journal =	 {{}},
  year =	 2017,
  archivePrefix ={arXiv},
  eprint =	 {1709.09191},
  primaryClass = {cond-mat.soft},
}










@Comment ###############################
@Comment Statistical physics and other fields of knowledge
@Comment ###############################


@article{ Castellano-Fortunato-Loreto-Statistical-physics-ETC-2009,
  author =	 {Claudio Castellano and Santo Fortunato and Vittorio
                  Loreto},
  title =	 {Statistical physics~of social dynamics},
  journal =	 {Rev. Mod. Phys.},
  year =	 2009,
  month =	 05,
  volume =	 81,
  issue =	 2,
  pages =	 {591--646},
  numpages =	 0,
  publisher =	 {American Physical Society},
  doi =		 {https://doi.org/10.1103/RevModPhys.81.591},
  url =		 {https://link.aps.org/doi/10.1103/RevModPhys.81.591},
  archivePrefix ={arXiv},
  eprint =	 {0710.3256},
  primaryClass = {physics.soc-ph},
}










@Comment #############################################################
@Comment Strange and bleeding edge theories
@Comment #############################################################


@article{ Maldacena-The-Large-N-Limit-of-Superconformal-ETC-1999,
  author =	 {Juan Maldacena},
  title =	 {The~Large-$N$ Limit~of Superconformal Field Theories
                  and~Supergravity},
  journal =	 {International Journal of Theoretical Physics},
  year =	 1999,
  volume =	 38,
  pages =	 1113,
  doi =		 {https://doi.org/10.1023/A:1026654312961},
  archivePrefix ={arXiv},
  eprint =	 9711200,
  primaryClass = {hep-th},
}










@Comment ###############################
@Comment Constructor theory
@Comment ###############################


@article{ Deutsch-Constructor-Theory-2013,
  author =	 {David Deutsch},
  title =	 {Constructor Theory},
  journal =	 {Synthese},
  year =	 2013,
  volume =	 190,
  pages =	 {4331--4359},
  doi =		 {10.1007/s11229-013-0279-z},
  url =		 {https://doi.org/10.1007/s11229-013-0279-z},
  archivePrefix ={arXiv},
  eprint =	 {1210.7439},
  primaryClass = {physcs.hist-ph},
}










@Comment ###############################
@Comment String theory
@Comment ###############################


@article{ Schwarz-String-Theory-The-Early-Years-2000,
  author =	 {John H.~Schwarz},
  title =	 {String Theory: The~Early Years},
  journal =	 {{}},
  year =	 2000,
  archivePrefix ={arXiv},
  eprint =	 {0007.118},
  primaryClass = {hep-th},
}



@article{ Mateos-String-Theory-and-Quantum-Chromodynamics-2007,
  author =	 {David Mateos},
  title =	 {String Theory and~Quantum Chromodynamics},
  journal =	 {Class. Quant. Grav.},
  year =	 2007,
  volume =	 24,
  pages =	 {713--740},
  archivePrefix ={arXiv},
  eprint =	 {0709.1523},
  primaryClass = {hep-th},
}










@Comment #############################################################
@Comment Theory of constrained systems
@Comment #############################################################


@article{ Udwadia-Kalaba-A-New-Perspective-on-Constrained-Motion-1992,
  author =	 {Firdaus E.~Udwadia and Robert E.~Kalaba},
  title =	 {A~New Perspective on~Constrained Motion},
  journal =	 {Proceedings~of the~Royal Society~of London.
                  Series~A: Mathematical and~Physical Sciences},
  year =	 1992,
  volume =	 439,
  issue =	 1906,
  pages =	 {407--410},
  doi =		 {10.1098/rspa.1992.0158},
}



@article{ Udwadia-Schutte-Equations-of-motion-for-general-ETC-2010,
  author =	 {Firdaus E.~Udwadia and Aaron D.~Schutte},
  title =	 {Equations~of motion for~general constrained systems
                  in~Lagrangian mechanics},
  journal =	 {Acta Mech},
  year =	 1992,
  volume =	 213,
  issue =	 {1-2},
  pages =	 {111-129},
  doi =		 {10.1007/s00707-009-0272-2},
}



@online{ Date-Lectures-on-Constrained-Systems-2010,
  author =	 {Ghanashyam Date},
  title =	 {Lectures on~Constrained Systems},
  year =	 2010,
  doi =		 {https://doi.org/10.48550/arXiv.1010.2062},
  archivePrefix ={arXiv},
  eprint =	 {1010.2062},
  primaryClass = {gr-qc},
  note =	 {ArXiv e-prints},
}










@Comment #############################################################
@Comment Very simple articles
@Comment #############################################################


@article{ Janseen-Renn-Arach-and-scaffold-ETC-2015,
  author =	 {Michel Janssen and JÃ¼rgen Renn},
  title =	 {Arch and scaffold: How Einstein found his field
                  equations},
  journal =	 {Physics Today},
  year =	 2015,
  month =	 11,
  volume =	 68,
  number =	 11,
  pages =	 {30-036},
  issn =	 {0031-9228},
  doi =		 {10.1063/PT.3.2979},
  url =		 {https://doi.org/10.1063/PT.3.2979},
  eprint =
                  {https://pubs.aip.org/physicstoday/article-pdf/68/11/30/10100653/30\_1\_online.pdf},
}










@Comment #############################################################
@Comment Hard to classify
@Comment #############################################################


@article{ Kusek-Transformacje-Bogolubowa-ETC-2012,
  author =	 {Patryk Kusek},
  year =	 2012,
  title =	 {Transformacje Bogolubowa w~ukÅ‚adach kwantowych},
  journal =	 {{}},
  volume =	 {{}},
  pages =	 {{}},
}