@Comment #############################################################
@Comment #############################################################
@Comment #############################################################
@Comment PHYSICS, ARTICLES
@Comment #############################################################
@Comment #############################################################
@Comment #############################################################



@Comment #############################################################
@Comment #############################################################
@Comment CLERK MAXWELL ELECTRODYNAMICS, ARTICLES
@Comment #############################################################
@Comment #############################################################


@Comment #############################################################
@Comment MATHEMATICAL ELECTRODYNAMICS, ARTICLES
@Comment #############################################################


@article{ FlatoEtAlAsymptoticCompletenessMaxwellDirac1995,
  author =	 {Flato, Mosh{\'{e}} and C. H. Simon, Jacques and
                  Taflin, Erik},
  title =	 {Asymptotic completeness, global existence and the
                  infrared problem for the Maxwell-Dirac equations},
  journal =	 {Memoirs of the American Mathematical Society},
  year =	 1995,
  month =	 03,
  volume =	 127,
  doi =		 {10.1090/memo/0606},
  archivePrefix ={arXiv},
  eprint =	 9502061,
  primaryClass = {hep-th},
}










@Comment #############################################################
@Comment #############################################################
@Comment PHYSICS OF SPEACETIME, THEORY, ARTICLES
@Comment #############################################################
@Comment #############################################################


@article{ ChruscielElementsOfCausalityTheory2011,
  author =	 {Piotr T.~Chru≈õciel},
  title =	 {Elements of causality theory},
  journal =	 {{}},
  year =	 2011,
  archivePrefix ={arXiv},
  eprint =	 {1110.6706v1},
  primaryClass = {gr-qc},
}



@article{ HerdegenFlatSpacetimeInCapsule2009,
  author =	 {Andrzej Herdegen},
  title =	 {Flat spacetime in~a~capsule},
  journal =	 {{}},
  year =	 2009,
  archivePrefix ={arXiv},
  eprint =	 {0905.4386v2},
  primaryClass = {physics.class-ph},
}










@Comment #############################################################
@Comment #############################################################
@Comment QUANTUM PHYSICS, ARTICLES
@Comment #############################################################
@Comment #############################################################


@Comment #############################################################
@Comment LOCAL QUANTUM PHYSICS, ARTICLES
@Comment #############################################################


@article{ HaagLocalQunatumPhysicsAndModel1993,
  author =	 {Rudolf Haag},
  title =	 {Local Quantum Physics and Models},
  journal =	 {Commun. Math. Phys.},
  year =	 1993,
  volume =	 155,
  pages =	 {199-204},
}