@Comment #############################################################
@Comment #############################################################
@Comment RELIGIONS, ARTICLES
@Comment #############################################################
@Comment #############################################################



@Comment #############################################################
@Comment HTS TEOLOGIESE STUDIES / THEOLOGICAL STUDIES JOURNAL
@Comment #############################################################


@article{ DuncanAProtestangPerspectiveOnVaticanIIPlus50Years2013,
  author =	 {Graham A. Duncan},
  title =	 {A Protestant perspective on Vatican~II +50 years:
                  An~engagement with dissent},
  journal =	 {HTS Teologiese Studies / Theological Studies},
  year =	 2013,
  volume =	 69,
  number =	 1,
  pages =	 {a1911},
  doi =		 {https://doi.org/10.4102/hts.v69i1.1911},
}