@Comment #############################################################
@Comment #############################################################
@Comment RELIGIONS, BOOKS
@Comment #############################################################
@Comment #############################################################


@Comment #############################################################
@Comment JUDAISM
@Comment #############################################################


@book{ Eisenberg-Judaizm-Pub-1999,
  author =	 {Josy Eisneberg},
  title =	 {Judaizm},
  publisher =	 {Cyklady},
  address =	 {Warszawa},
  year =	 1999,
  edition =	 {I},
  note =	 {Tłumaczyły Ireana Stąpor, Ewa Wolańska},
  isbn =	 {83-86859-43-1},
}




@Comment @article{ ,
@Comment   author =	 {},
@Comment   title =	 {},
@Comment   journal =	 {},
@Comment   year =	 ,
@Comment   volume =	 ,
@Comment   number =	 ,
@Comment   pages =	 {},
@Comment   doi =		 {},
@Comment }