@Comment #############################################################
@Comment #############################################################
@Comment Sacred Scripture and related works, articles
@Comment #############################################################
@Comment #############################################################



@Comment #############################################################
@Comment Articles about translation of the Sacred Scripture
@Comment #############################################################


@article{ Piela-Czeslaw-Milosz-jako-tlumacz-Biblii-Hebrajskiej-2005,
  author =	 {Marek Piela},
  title =	 {Czesław Miłosz jako tłumacz Biblii Hebrajskiej},
  journal =	 {Studia Judaica},
  year =	 1998,
  volume =	 8,
  issue =	 {1--2},
  pages =	 {213--239},
}