@Comment #############################################################
@Comment #############################################################
@Comment SACRED SCRIPTURE AND RELATED WORKS, BOOKS
@Comment #############################################################
@Comment #############################################################


@book{ LeonardiNarodIzraelaIJegoPisma1996,
  author =	 {Giovanni Leonardi},
  title =	 {Naród Izraela i~jego Pisma. Wprowadzenie do historii
                  zbawienia, cz.~I},
  publisher =	 {Wydawnictwo Paulistki},
  address =	 {Lublin},
  year =	 1996,
  edition =	 {I},
  note =	 {Tłum. Ryszard Wróbel OFMConv., Monika Katarzyna
                  Chodacka},
}










@Comment #############################################################
@Comment WORKS ON SPECIFIC BOOKS OF SACRED SCRIPTURE
@Comment #############################################################


@book{ LifschitzStanSieSwiatlo2008,
  author =	 {Daniel Lifschitz},
  title =	 {Stań~się światło! Hagad do~rozdziału pierwszego
		  Księgi Rodzaju},
  publisher =	 {Wydawnictwo AA~-- Fronda},
  address =	 {Kraków~-- Warszawa},
  year =	 2008,
  edition =	 {I},
  note =	 {Tłum. Barbara Żurowska},
}



@book{ HahnListDoRzymianKatolickiETC2021,
  author =	 {Scott~W. Hahn},
  title =	 {List do Rzymian. Katolicki komentarz do Pisma
                  Świętego},
  publisher =	 {W~drodze sp. z~o.o.},
  address =	 {Poznań},
  year =	 2021,
  edition =	 {I},
  series =	 {Katolicki komentarz do~Pisma Świętego},
  note =	 {Tłum. Aleksander Gomola},
}










@Comment #############################################################
@Comment WORKS ON SACRED SCRIPTURE OF DOUBTFUL QUALITY
@Comment #############################################################


@book{ SpiewakPiecKsiagTory2012,
  author =	 {Paweł Śpiewak},
  title =	 {Pięć ksiąg Tory. Komentarze},
  publisher =	 {Wydawnictwo Uniwersytetu Warszawskiego},
  address =	 {Warszawa},
  year =	 2012,
  edition =	 {I},
}
