@Comment #############################################################
@Comment #############################################################
@Comment #############################################################
@Comment DRAMA, BOOKS
@Comment #############################################################
@Comment #############################################################
@Comment #############################################################



@Comment #############################################################
@Comment ROMAN BRANDSTAETTER, BOOKS
@Comment #############################################################


@book{ BrandstaetterPowrotSynaMarnotrawnegoIInneDramaty1979,
  author =	 {Roman Brandstaetter},
  title =	 {Powrót syna marnotranwego i~inne dramaty},
  publisher =	 {Wydawnictwo Poznańskie},
  address =	 {Poznań},
  year =	 1979,
  edition =	 {I},
}










@Comment #############################################################
@Comment WILLIAM SHAKESPEARE, BOOKS
@Comment #############################################################


@book{ ShakespeareWesoleKumoszkiZWindsoru1998,
  author =	 {William Shakespeare},
  title =	 {Wesołe kumoszki z~Windsoru},
  publisher =	 {Wydawnictwo ZNAK},
  address =	 {Kraków},
  year =	 1998,
  edition =	 {I},
  note =	 {Tłum. Stanisław Barańczak},
}



@book{ ShakespeareBurza1999,
  author =	 {William Shakespeare},
  title =	 {Burza},
  publisher =	 {Wydawnictwo ZNAK},
  address =	 {Kraków},
  year =	 1999,
  edition =	 {I},
  note =	 {Tłum. Stanisław Barańczak},
}
