@Comment #############################################################
@Comment #############################################################
@Comment #############################################################
@Comment THEOLOGY, BOOKS
@Comment #############################################################
@Comment #############################################################
@Comment #############################################################


@Comment #############################################################
@Comment #############################################################
@Comment THEOLOGY IN XIX AND XX CENTURY, BOOKS
@Comment #############################################################
@Comment #############################################################


@book{ BokwaWprowadzenieDoTeologiiKarlaRahnera1996,
  author =	 {Ks. Ignacy Bokwa},
  title =	 {Wprowadzenie do teologii Karla Rahnera},
  publisher =	 {BIBLOS},
  address =	 {Tarnów},
  year =	 1996,
  edition =	 {I???},
}



@book{ KerrKatolicyTeolodzy2011,
  author =	 {F. Kerr OP},
  title =	 {Katolicy teolodzy XX~wieku},
  publisher =	 {Wydawnictwo WAM},
  address =	 {Kraków},
  year =	 2011,
}



@book{ RowlandWiaraRatzingera2010,
  author =	 {Tracy Rowland},
  title =	 {Wiara Ratzinger, teologia Benedykta XVI},
  publisher =	 {Wydawnictwo WAM},
  address =	 {Kraków},
  year =	 2010,
  edition =	 {I},
}



@book{ VillaYvesCongar2013,
  author =	 {Ks. dr L. Villa},
  title =	 {Yves Congar},
  publisher =	 {Wydawnictwo ANTYK Marcin Dybowski},
  address =	 {Komorów},
  year =	 2013,
  edition =	 {{}},
  series =	 {Rewolucjoniści czasu apokalipsy},
}



@book{ VillaKarlRahner2013,
  author =	 {Ks. dr L. Villa},
  title =	 {Karl Rahner},
  publisher =	 {Wydawnictwo ANTYK Marcin Dybowski},
  address =	 {Komorów},
  year =	 2013,
  edition =	 {{}},
  series =	 {Rewolucjoniści czasu apokalipsy},
}










@Comment #############################################################
@Comment #############################################################
@Comment THEOLOGY AFTER 1914, BOOKS
@Comment #############################################################
@Comment #############################################################










@Comment #############################################################
@Comment #############################################################
@Comment THEOLOGY AFTER 1945, BOOKS
@Comment #############################################################
@Comment #############################################################










@Comment #############################################################
@Comment #############################################################
@Comment THEOLOGY AFTER 1962, BOOKS
@Comment #############################################################
@Comment #############################################################


@book{ EdwardsBogEwolucji2016,
  author =	 {Denis Edwards},
  title =	 {Bóg ewolucja. Teologia trynitarna},
  publisher =	 {Copernicus Center Press},
  address =	 {Kraków},
  year =	 2016,
  edition =	 {I},
  series =	 {Nauka i~Religa},
}



@book{ HealyMezczyzniIKobiety2008,
  author =	 {Mary Healy},
  title =	 {Mężczyźni i~kobiety~są z~raju},
  publisher =	 {Centrum Myśli Jana Pawła~II},
  address =	 {Warszawa},
  year =	 2008,
  edition =	 {I},
  note =	 {Tłum. Joanna Jaworska},
}



@book{ RedMaczkaUrbanczykTeologiaNauki2015,
  author =	 {Red. Janusz Mączka and Piotr Urbańczyk},
  title =	 {Teologia nauki},
  publisher =	 {Copernicus Center Press},
  address =	 {Kraków},
  year =	 2015,
  edition =	 {I},
}



@book{ SchumacherKobietyWChrystusie2008,
  author =	 {Red. Michele M. Schumacher},
  title =	 {Kobiety w~Chrystusie. W~stronę nowego feminizmu},
  publisher =	 {Centrum Myśli Jana Pawła~II},
  address =	 {Warszawa},
  year =	 2008,
  edition =	 {I},
  note =	 {Tłum. Michał Romek},
}










@Comment #############################################################
@Comment THEOLOGY POPE JOHN PAUL II, BOOKS
@Comment #############################################################



@book{ WaldsteinSensCiala2012,
  author =	 {Michael Waldstein},
  title =	 {Sens ciała. Wokół filozofii seksualności Jana
                  Pawła~II},
  publisher =	 {Centrum Myśli Jana Pawła~II},
  address =	 {Warszawa},
  year =	 2012,
  edition =	 {I},
  note =	 {Tłum. Michał Romek},
}