@Comment #############################################################
@Comment #############################################################
@Comment Theology, books
@Comment #############################################################
@Comment #############################################################


@Comment #############################################################
@Comment XIX and XX century theology
@Comment #############################################################


@book{ Bokwa-Wprowadzenie-do-teologii-Karla-Rahnera-Pub-1996,
  author =	 {Ks. Ignacy Bokwa},
  title =	 {Wprowadzenie do teologii Karla Rahnera},
  publisher =	 {BIBLOS},
  address =	 {Tarnów},
  year =	 1996,
  edition =	 {I},
}



@book{ Kerr-Katolicy-teolodzy-XX-wieku-Pub-2011,
  author =	 {F. Kerr OP},
  title =	 {Katolicy teolodzy XX~wieku},
  publisher =	 {Wydawnictwo WAM},
  address =	 {Kraków},
  year =	 2011,
}



@book{ Rowland-Wiara-Ratzingera-teologia-BenedytkapXVI-Pub-2010,
  author =	 {Tracy Rowland},
  title =	 {Wiara Ratzinger, teologia Benedykta XVI},
  publisher =	 {Wydawnictwo WAM},
  address =	 {Kraków},
  year =	 2010,
  edition =	 {I},
}



@book{ Villa-Yves-Congar-Pub-2013,
  author =	 {Ks. dr L. Villa},
  title =	 {Yves Congar},
  publisher =	 {Wydawnictwo ANTYK Marcin Dybowski},
  address =	 {Komorów},
  year =	 2013,
  edition =	 {{}},
  series =	 {Rewolucjoniści czasu apokalipsy},
}



@book{ Villa-Karl-Rahner-Pub-2013,
  author =	 {Ks. dr L. Villa},
  title =	 {Karl Rahner},
  publisher =	 {Wydawnictwo ANTYK Marcin Dybowski},
  address =	 {Komorów},
  year =	 2013,
  edition =	 {{}},
  series =	 {Rewolucjoniści czasu apokalipsy},
}










@Comment ###############################
@Comment Theology after 1914
@Comment ###############################










@Comment ###############################
@Comment Theology after 1945
@Comment ###############################










@Comment ###############################
@Comment Theology after 1962
@Comment ###############################


@book{ Edwards-Bog-ewolucji-Teologia-trynitarna-Pub-2016,
  author =	 {Denis Edwards},
  title =	 {Bóg ewolucja. Teologia trynitarna},
  publisher =	 {Copernicus Center Press},
  address =	 {Kraków},
  year =	 2016,
  edition =	 {I},
  series =	 {Nauka i~Religa},
}



@book{ Healy-Mezczyzni-i-kobiety-sa-z-raju-Pub-2008,
  author =	 {Mary Healy},
  title =	 {Mężczyźni i~kobiety~są z~raju},
  publisher =	 {Centrum Myśli Jana Pawła~II},
  address =	 {Warszawa},
  year =	 2008,
  edition =	 {I},
  note =	 {Tłum. Joanna Jaworska},
}



@book{ Red-Maczka-Urbanczyk-Teologia-nauki-Pub-2015,
  author =	 {Red. Janusz Mączka and Piotr Urbańczyk},
  title =	 {Teologia nauki},
  publisher =	 {Copernicus Center Press},
  address =	 {Kraków},
  year =	 2015,
  edition =	 {I},
}



@book{ Schumacher-Kobiety-w-Chrystusie-Pub-2008,
  author =	 {Red. Michele M. Schumacher},
  title =	 {Kobiety w~Chrystusie. W~stronę nowego feminizmu},
  publisher =	 {Centrum Myśli Jana Pawła~II},
  address =	 {Warszawa},
  year =	 2008,
  edition =	 {I},
  note =	 {Tłum. Michał Romek},
}










@Comment ###############################
@Comment Theology of pope Sancte John Paul II
@Comment ###############################



@book{ Waldstein-Sens-ciala-Pub-2012,
  author =	 {Michael Waldstein},
  title =	 {Sens ciała. Wokół filozofii seksualności Jana
                  Pawła~II},
  publisher =	 {Centrum Myśli Jana Pawła~II},
  address =	 {Warszawa},
  year =	 2012,
  edition =	 {I},
  note =	 {Tłum. Michał Romek},
}
