@Comment ##############################################################
@Comment ##############################################################
@Comment VARIOUS FIELDS SYSTEMS, BOOKS
@Comment ##############################################################
@Comment ##############################################################



@Comment ##############################################################
@Comment HARD TO CLASSIFY
@Comment ##############################################################


@book{ SproulReasonToBelieve1982,
  author =	 {R.C. Sproul},
  title =	 {Reson to~believe. A~response to~common objections
                  to~Christianity},
  publisher =	 {Zondervan},
  address =	 {Grand Rapids},
  year =	 1982,
}