@Comment #############################################################
@Comment #############################################################
@Comment WIKTOR SUWOROW, BOOKS
@Comment #############################################################
@Comment #############################################################


@book{ SuworowGRU1999,
  author =	 {Wiktor Suworow},
  title =	 {GRU. Radziecki wywiad wojskowy},
  publisher =	 {Wydawnictwo Adamski i~Bieliński},
  address =	 {Warszawa},
  year =	 1999,
  edition =	 {I},
}



@book{ SuworowZukowCienZwyciestwa2002,
  author =	 {Wiktor Suworow},
  title =	 {Żukow~-- cień zwycięstwa},
  publisher =	 {Wydawnictwo Adamski i~Bieliński},
  year =	 2002,
  edition =	 {I},
}



@book{ SuworowAlfabet2014,
  author =	 {Wiktor Suworow},
  title =	 {Alfabet Suworowa oraz~„Od~Stalina do~Putina”
		  wywiad Piotra Zychowicza z~autorem},
  publisher =	 {Dom Wydawniczy REBIS Sp. z~o.o.},
  address =	 {Warszawa},
  year =	 2014,
  edition =	 {I},
}