@Comment ##############################################################
@Comment ##############################################################
@Comment VARIOUS FIELDS SYSTEMS, BOOKS
@Comment ##############################################################
@Comment ##############################################################



@Comment ##############################################################
@Comment ANALYSIS AND REFLECTIONS ABOUT DIFFERENT FAITHS AND BELIEVES
@Comment SYSTEMS
@Comment ##############################################################


@book{ Iwicka-Zrodla-klasycznej-demonologi-japonskiej-Pub-2017,
  author =	 {Renata Iwicka},
  title =	 {Źródła klasycznej demonologii japońskiej},
  publisher =	 {Wydawnictwo Uniwersytetu Jagiellońskiego},
  address =	 {Kraków},
  year =	 2017,
  edition =	 {I},
}










@Comment ##############################################################
@Comment CYBERNETICS
@Comment ##############################################################


@book{ Mynarski-Elementy-teorii-systemow-i-cybernetyki-Pub-1974,
  author =	 {Stefan Mynarski},
  title =	 {Elementy teorii systemów i~cybernetyki},
  publisher =	 {Państwowe Wydawnictwo Naukowe},
  address =	 {Warszawa},
  year =	 1974,
  edition =	 {I},
}










@Comment ##############################################################
@Comment HISTORY OF IDEAS
@Comment ##############################################################


@book{ Red-Kloczkowski-Patriotyzm-Polakow-Pub-2006,
  editor =	 {Red.~Jacek Kloczkowski},
  title =	 {Patriotyzm Polaków. Studia z~historii idei},
  publisher =	 {Ośrodek Myśli Politycznej, Wyższa Szkoła Europejska
                  im.~ks.~J.~Tischnera},
  address =	 {Kraków},
  year =	 2006,
  edition =	 {I},
  series =	 {Polskie Tradycje Intelektualne},
  volume =	 1,
}










@Comment #############################################################
@Comment REFLECTIONS ON POLAND
@Comment #############################################################


@book{ Kaminski-Romantyzm-a-ideologia-Pub-1980,
  author =	 {Leszek Kamiński},
  title =	 {Romantyzm a~ideologia. Główne ugrupowania polityczne
		  Drugiej Rzeczpospolitej wobec tradycji romantycznej},
  publisher =	 {Zakład Narodowy Imienia Ossolińskich. Wydawnictwo
		  Polskiej Akademii Nauk},
  address =	 {Wrocław, Warszawa, Kraków, Gdańsk},
  year =	 1980,
  edition =	 {XII},
  series =	 {Biblioteka Towarzystwa Literackiego im.~Adama
		  Mickiewicza},
}



@book{ Sowa-Fantomowe-cialo-krola-Pub-2011,
  author =	 {Jan Sowa},
  title =	 {Fantomowe ciało króla. Peryferyjne zmagania
		  z~nowoczesną formą},
  publisher =	 {UNIVERSITAS},
  address =	 {Kraków},
  year =	 2011,
  edition =	 {I},
}



@book{ Tazbir-Kultura-szlachecka-w-Polsce-Pub-2013,
  author =	 {Janusz Tazbir},
  title =	 {Kultura szlachecka w~Polsce. Rozkwit~-- upadek~-- relikty},
  publisher =	 {Wydawnictwo Nauka i~Innowacje},
  address =	 {Poznań},
  year =	 2013,
}



@book{ Red-Prokop-Mistrz-Wincenty-Kadlubek-Pub-2001,
  editor =	 {Red. Krzysztof R.~Prokop},
  title =	 {Mistrz Wincenty Kadłubek. Człowiek i~dzieło,
		  pośmiertny kult i~legenda},
  publisher =	 {Polska Akademia Umiejętności},
  address =	 {Kraków},
  year =	 2001,
  edition =	 {I},
}

@Comment B. K\"urbis ,,Jak Mistrz Wincenty pisał historię Polski''.
@Comment Praca znajduje sie w książce opisanej powyżej.









@Comment #############################################################
@Comment REFLECTIONS ON RUSSIA
@Comment #############################################################


@book{ Kurka-Rosji-rozumem-nie-pojmiesz-Pub-2015,
  author =	 {Ewa Kurek},
  title =	 {Rosji rozumem nie pojmiesz?},
  publisher =	 {Clio},
  address =	 {Lublin},
  year =	 2005,
  edition =	 {I},
}










@Comment #############################################################
@Comment REFLECTIONS ON EAST EUROASIA
@Comment #############################################################


@book{ Kim-KoreanczycyC-hinczycy-Japonczycy-Pub-2010,
  author =	 {Kim Munhak},
  title =	 {Koreańczycy, Chińczycy, Japończycy},
  publisher =	 {Kwiaty Orientu},
  address =	 {Skarżysko-Kamienna},
  year =	 2010,
  edition =	 {I},
  note =	 {Tłum. Maria Kalisz},
}










@Comment ##############################################################
@Comment VERY SIMPLE BOOKS ABOUT MEDICINE
@Comment ##############################################################


@book{ Kempisty-Jeznach-Chorzy-ze-stresu-Pub-2021,
  author =	 {Ewa Kempisty-Jeznach},
  title =	 {Chorzy ze stresu. Problemy psychosomatyczne},
  publisher =	 {Prószyński i~S-ka},
  address =	 {Warszawa},
  year =	 2021,
  edition =	 {I},
}



@book{ Petitcollin-Jak-mniej-myslce-Pub-2021,
  author =	 {Christel Petitcollin},
  title =	 {Jak mniej myśleć. Dla analizujacych bez końca
                  i~wysoko wrażliwych},
  publisher =	 {Feeria},
  address =	 {Łódź},
  year =	 2021,
  edition =	 {I},
  note =	 {Przekład: Krystyna Arustowicz},
}










@Comment #############################################################
@Comment LANGUAGES
@Comment #############################################################


@book{ Danet-O-jezyku-pospolitym-Pub-2002,
  author =	 {Dante},
  title =	 {O~języku pospolitym},
  publisher =	 {Wydawnictwo ANTYK},
  address =	 {Kęty},
  year =	 2002,
  edition =	 {I},
  series =	 {Biblioteka Europejska},
  volume =	 12,
}










@Comment ###############################
@Comment ENGLISH LANGUAGE
@Comment ###############################


@book{ Murphy-English-Grammar-in-Use-Pub-1998,
  author =	 {R. Murphy},
  title =	 {English Grammar in Use},
  publisher =	 {Cambridge University Press},
  year =	 1998,
  edition =	 {Second},
}



@book{ Stanislawski-Billip-Chocilowska-Podreczny-slownik-ETC-Pub-1984,
  author =	 {Jan Stanisławski, Katarzyna Billip, Zofia Chociłowska},
  title =	 {Podręczny słowniki angielsko-polski},
  publisher =	 {Wiedza Powszechna},
  year =	 1984,
  edition =	 {V},
}










@Comment ###############################
@Comment LATIN LANGUAGE
@Comment ###############################


@book{ Czyzma-Roguszczak-Jezyk-lacinski-Pub-2004,
  author =	 {J. Czyżma and E. Roguszczak},
  title =	 {Język łaciński},
  publisher =	 {Wydawnictwo Uniwersytetu Gdańskiego},
  year =	 2004,
  edition =	 {V},
}










@Comment ###############################
@Comment JAPANESE LANGUAGE
@Comment ###############################


@book{ Tanimori-Praktyczna-gramatyka-jezyka-japonskiego-Pub-2008,
  author =	 {Masahiro Tanimori},
  title =	 {Praktyczna gramatyka języka japońskiego},
  publisher =	 {Wydawnictwo Dialog},
  address =	 {Warszawa},
  series =	 {Języki orientalne},
  year =	 2008,
}










@Comment ###############################
@Comment POLISH LANGUAGE
@Comment ###############################


@book{ Bak-Gramatyka-jezyka-polskiego-Pub-1979,
  author =	 {Piotr Bąk},
  title =	 {Gramatyka języka polskiego. Zarys popularny},
  publisher =	 {Wiedza Powszechna},
  year =	 1979,
  edition =	 {III},
}



@book{ Tittenbrunowie-Podreczny-slownik-ETC-Pub-1999,
  author =	 {Krystyna i~Mieczysław Tittenbrunowie},
  title =	 {Podręczny słownik ortograficzny ze~skróconymi
                  zasadami pisowni},
  publisher =	 {KASTOR},
  address =	 {Warszawa},
  year =	 1999,
  edition =	 {I},
}










@Comment #############################################################
@Comment LINGUISTICS
@Comment #############################################################


@book{ Lyons-Wstep-do-jezykoznawstwa-Pub-1975,
  author =	 {John Lyons},
  title =	 {Wstęp do językonawstwa},
  publisher =	 {Państwowe Wydawnictwo Naukowe},
  address =	 {Warszawa},
  year =	 1975,
  edition =	 {I},
  note =	 {Redaktor naukowy Adam Weinsberg},
}



@book{ Lyons-Wstep-do-jezykoznawstwa-Pub-1976,
  author =	 {John Lyons},
  title =	 {Wstęp do językonawstwa},
  publisher =	 {Państwowe Wydawnictwo Naukowe},
  address =	 {Warszawa},
  year =	 1976,
}



@book{ Paveau-Sarfati-Wielkie-teorie-jezykoznawcze-Pub-2009,
  author =	 {Marie-Anne Paveau and Georges-\'{E}lia Sarfati},
  title =	 {Wielkie teorie językoznawcze. Od językoznawstwa
                  historyczno-porównawczego do pragmatyki},
  publisher =	 {Wydawnictwo FLAIR},
  address =	 {Kraków},
  year =	 2009,
}










@Comment #############################################################
@Comment POLITOLOGY
@Comment #############################################################


@book{ Wielomski-Sojusz-ekstremow-ETC-Pub-2021,
  author =	 {Adam Wielomski},
  title =	 {Sojusz ekstremów w~epoce globalizacji. Jak
                  neoliberałowie i~neomarksiści budują nam nowy świat},
  publisher =	 {Fundacja Instytut Badawczy Pro Vita Bona},
  address =	 {Warszawa},
  year =	 2021,
  edition =	 {I},
}










@Comment #############################################################
@Comment POLITICS AND RELATED ISSUES
@Comment #############################################################


@book{ Guerot-Europejska-wojna-domowa-Pub-2017,
  author =	 {Ulrike Gu{\'{e}}rot},
  title =	 {Europejska wojna domowa},
  publisher =	 {Wydawnictwo Krytyki Politycznej},
  address =	 {Warszawa},
  year =	 2017,
  edition =	 {I},
  note =	 {Tłum. Bartosz Nowacki}
}



@book{ Hohler-Matka-chrzestna-Pub-2013,
  author =	 {G. H{\"{o}}hler},
  title =	 {Matka chrzestna. Jak Angela Merkel przebudowuje
                  Niemcy},
  publisher =	 {Zysk i~S-ka},
  address =	 {Poznań},
  year =	 {2013?},
  edition =	 {I},
}



@book{ Varoufakis-A-slabi-musza-ulegac-Pub-2017,
  author =	 {Janis Waroufakis},
  title =	 {A~słabi muszą ulegać? Europa, polityka
		  oszczędnościowa a~zagrożenie dla~globalnej
		  stabilizacji},
  publisher =	 {Wydawnictwo Krytyki Politycznej},
  address =	 {Warszawa},
  year =	 2017,
  edition =	 {I},
  note =	 {Tłum. Robert Mitoraj},
}










@Comment #############################################################
@Comment ESSAYS, CONVERSATIONS, COLUMN, PUBLICISTICS, ETC., IN BOOK FORM
@Comment #############################################################


@book{ Adamski-Wojna-swiatow-w-popkulturze-Pub-2011,
  author =	 {Łukasz Adamski},
  title =	 {Wojna światów w~popkulturze},
  publisher =	 {Wydawnictwo Wektory},
  address =	 {Bielany Wrocławskie},
  year =	 2011,
  edition =	 {I},
}



@book{ Appelbaum-Zmierzch-demokracji-2020,
  author =	 {Anne Applebaum},
  title =	 {Zmierzch demokracji. Zwodniczy powab autorytaryzmu},
  publisher =	 {Wydawnictwo Agora},
  address =	 {Warszawa},
  year =	 2020,
  edition =	 {I},
  note =	 {Tłum. Piotr Tarczyński},
}



@book{ Cheesterton-Ortodoksja,
  author =	 {Gilbert Keith Chesterton},
  title =	 {Ortodoksja},
  publisher =	 {Warszawa -- Ząbki},
  edition =	 {II -- Poprawione},
}



@book{ Chesterton-Co-jest-zle-w-swiecie-Pub-2013,
  author =	 {Gilbert Keith Chesterton},
  title =	 {Co jest złe w~świecie?},
  publisher =	 {Wydawnictwo Diecezjalne i~Drukarnia w~Sandomierzu},
  address =	 {Sandomierz},
  year =	 2013,
  note =	 {Tłum. Macier Reda},
}



@book{ Cheseterton-Pisma-wybrane-Pub-1974,
  author =	 {Gilbert Keith Chesterton},
  title =	 {Pisma wybrane},
  publisher =	 {Znak},
  address =	 {Kraków},
  year =	 1974,
}



@book{ Chodakiewicz-Transformacja-czy-niepodleglosc-Pub-2014,
  author =	 {Marek Jan Chodakiewicz},
  title =	 {Transformacja czy~niepodległość?},
  publisher =	 {PATRIA MEDIA},
  address =	 {Kraków},
  year =	 2014,
  edition =	 {I},
  note =	 {Wstęp, wybór i~opracowanie tekstów: Adam
		  Chmielnicki},
}



@book{ Chodakiewicz-O-cywilizacji-smierci-Pub-2019,
  author =	 {Marek Jan Chodakiewicz},
  title =	 {O~cywilizacji śmierci. Jak zatrzymać antykulturę
                  totalitarnych mniejszości},
  publisher =	 {3S~MEDIA Sp.~z~o.o.},
  address =	 {Warszawa},
  year =	 2019,
  edition =	 {I},
  series =	 {Biblioteka Wolności},
}



@book{ Dmochowski-Kosciol-Wyborczej-Pub-2014,
  author =	 {Artur Dmochowski},
  title =	 {Kościół „Wyborczej”. Największa operacja
                  resortowych dzieci},
  publisher =	 {Wydawnictwo Słowa i~Myśli},
  address =	 {Warszawa},
  year =	 2014,
  edition =	 {I},
}



@book{ Eberstadt-Adam-i-Ewa-po-pigulce-Pub-2018,
  author =	 {Mary Eberstadt},
  title =	 {Adam i~Ewa po~pigułce},
  publisher =	 {Wydawnictwo~AA},
  address =	 {Kraków},
  year =	 2018,
  edition =	 {I},
  note =	 {Tłum. Małgorzata Samborsk},
}



@book{ Hoffman-Judaizm-zdemaskowany-Vol-I-Pub-2012,
  author =	 {M. Hoffman},
  title =	 {Judaizm zdemaskowany!},
  publisher =	 {ANTYK},
  year =	 2012,
  volume =	 {I},
}



@book{ Jankowski-Konserwatyzm-liberalizm-i-ETC-Pub-2022,
  author =	 {Zbigniew Janowski},
  title =	 {Konserwatyzm, liberalizm i~cywilizacja zachodnia},
  publisher =	 {Wydawnictwo ARCANA},
  address =	 {Kraków},
  year =	 2022,
  edition =	 {I},
}



@book{ Krasnodebski-Drzemka-rozsadnych-Pub-2006,
  author =	 {Zdzisław Krasnodębski},
  title =	 {Drzemka rozsądnych. Zebrane eseje i~szkice},
  publisher =	 {Ośrodek Myśli Politycznej. Wyższa Szkoła Europejska
                  im.~ks.~Józefa Tischnera},
  address =	 {Kraków},
  year =	 2006,
  edition =	 {I},
  series =	 {Biblioteka Myśli Politycznej},
  volume =	 47,
}



@book{ Krasnodebski-Wiekszego-cudu-nie-bedzie-Pub-2011,
  author =	 {Zdzisław Krasnodębski},
  title =	 {Większego cudu nie będzie. Zebrane eseje
                  i~szkice~IV},
  publisher =	 {Ośrodek Myśli Politycznej},
  address =	 {Kraków},
  year =	 2011,
  edition =	 {I},
}



@book{ Krasnodebski-Zwyciezca-po-przejsciach-Pub-2012,
  author =	 {Zdzisław Krasnodębski},
  title =	 {Zwycięzca po przejściach: zebrane eseje i~szkice~V},
  publisher =	 {Ośrodek Myśli Politycznej},
  address =	 {Kraków},
  year =	 2012,
  edition =	 {I},
}



@book{ Krzyzanowski-Chrzescijanska-moralnosc-polityczna-ETC-Pub-2002,
  author =	 {A. Krzyżanowski},
  title =	 {Chrześcijańska moralność polityczna. Wybór pism},
  publisher =	 {Kraków},
  year =	 2002,
}



@book{ Legutko-I-kto-tu-jest-ciemniakiem-Pub-1996,
  author =	 {Ryszard Legutko},
  title =	 {I~kto tu jest ciemniakiem?},
  publisher =	 {Wydawnictwo ARCANA},
  address =	 {Kraków},
  year =	 1996,
  edition =	 {I},
}



@book{ Lewis-Cztery-milosci-Pub-2020,
  author =	 {C.S. Lewis},
  title =	 {Cztery miłości},
  publisher =	 {Media Rodzina},
  address =	 {Poznań},
  year =	 2020,
}



@book{ McGrath-Bog-Dawkinsa-Pub-2008,
  author =	 {Alister McGrath},
  title =	 {Bóg Dawkinsa. Geny, memy i~sens życia},
  publisher =	 {Wydawnictwo Uniwersytetu Jagiellońskiego},
  address =	 {Kraków},
  year =	 2008,
  edition =	 {I},
  series =	 {Edios},
  note =	 {Joanna Gilewicz},
}



@book{ McGrath-McGrath-Bog-nie-jest-urojeniem-Pub-2012,
  author =	 {A. McGrath, J. C. McGrath},
  title =	 {Bóg nie jest urojeniem. Złudzenie Dawkinsa},
  publisher =	 {WAM},
  year =	 {2012???},
  edition =	 {II???},
  note =	 {Tłum. Jerzy Wolak},
}



@book{ Ks-Neuhaus-Prorok-z-Nowego-Yorku-Pub-2010,
  author =	 {Ks. Richard John Neuhaus},
  title =	 {Prorok z~Nowego Yorku. Wybór publicystyki
		  i~wywiadów},
  publisher =	 {FRONDA~PL Sp.~z~o.o.},
  address =	 {Warszawa},
  year =	 2010,
  edition =	 {I},
}



@book{ Nowak-Od-Polski-do-Postpolityki-Pub-2010,
  author =	 {Andrzej Nowak},
  title =	 {Od~Polski do~post-polityki. Intelektualna historia
                  zapaści Rzeczpospolitej},
  publisher =	 {Wydawnictwo ARCANA},
  address =	 {Kraków},
  year =	 2010,
  edition =	 {I},
  series =	 {Arcana Historii},
}



@book{ Nowak-Strachy-i-lachy-Pub-2012,
  author =	 {Andrzej Nowak},
  title =	 {Strachy i~lachy. Przemiany polskiej pamięci
                  1982--2012},
  publisher =	 {Biały Kruk},
  address =	 {Kraków},
  year =	 2012,
  edition =	 {I},
}



@book{ Nowak-Intelektualna-historia-III-RP-Pub-2013,
  author =	 {Andrzej Nowak},
  title =	 {Intelektualna historia III RP. Rozmowy z~lat
		  1990--2012},
  publisher =	 {Sic!},
  address =	 {Warszawa},
  year =	 2013,
  edition =	 {I},
}



@book{ Nowak-Uleglosc-czy-niepodleglosc-Pub-2014,
  author =	 {Andrzej Nowak},
  title =	 {Uległość czy niepodległość},
  publisher =	 {Biały Kruk},
  address =	 {Kraków},
  year =	 2014,
  edition =	 {I},
}



@book{ Nowak-Historia-i-polityka-Pub-2016,
  author =	 {Andrzej Nowak},
  title =	 {Historia i~polityka},
  publisher =	 {Biały Kruk},
  address =	 {Kraków},
  year =	 2016,
  edition =	 {I},
}



@book{ Nowak-Miedzy-nieladem-a-niewola-Pub-2020,
  author =	 {Andrzej Nowak},
  title =	 {Między nieładem a~niewolą. Krótka historia myśli
                  politycznej},
  publisher =	 {Biały Kruk},
  address =	 {Kraków},
  year =	 2020,
  edition =	 {I},
}



@book{ Roth-Cichy-pucz-Pub-2015,
  author =	 {J{\"{u}}rgen Roth},
  title =	 {Cichy pucz. Zawłaszczanie Europy przez~niejawne
                  elity gospodarczo-politycznej},
  publisher =	 {Zysk i~S-ka},
  address =	 {Poznań},
  year =	 2015,
  edition =	 {I},
}



@book{ Szczeklik-Katharsis-Pub-2009,
  author =	 {Andrzej Szczeklik},
  title =	 {Katharsis. O~uzdrowicielskiej mocy natury i~sztuki},
  publisher =	 {Wydawnictwo Znak},
  address =	 {Kraków},
  year =	 2009,
  edition =	 {II, dodruk},
}



@book{ Ks-Tischner-Nieszczesny-dar-wolnosci-Pub-1996,
  author =	 {Ks.~Józef Tischner},
  title =	 {Nieszczęsny dar wolności},
  publisher =	 {Znak},
  address =	 {Kraków},
  year =	 1996,
  edition =	 {{II}},
}










@Comment #############################################################
@Comment REPORTS, REPORTAGE, BOOKS
@Comment #############################################################


@book{ Thompson-Mroczne-serce-Hollywood-Pub-2014,
  author =	 {Douglas Thompson},
  title =	 {Mroczne serce Hollywood},
  publisher =	 {Black Publishing},
  address =	 {Wołowiec},
  year =	 2014,
  edition =	 {I},
  note =	 {Tłum. Robert Pucek},
}










@Comment #############################################################
@Comment REPORTAGE FROM SOUTH KOREA, BOOKS
@Comment #############################################################


@book{ Husarski-Kraj-niespokojnego-poranka-Pub-2021,
  author =	 {Roman Husarski},
  title =	 {Kraj niespokojnego poranka. Pamięć i~bunt w~Korei
                  Południowej},
  publisher =	 {Wydawnictow Czarne},
  address =	 {Wołowiec},
  year =	 2021,
  edition =	 {I},
}










@Comment #############################################################
@Comment REPORTAGE FROM UKRAINE
@Comment #############################################################


@book{ Bryzko-Zapor-Ja-tu-zostaje-Pub-2022,
  author =	 {Natalia Bryżko-Zapór},
  title =	 {Ja tu zostaję. Fenomen Wołodymyra Zełenskiego},
  publisher =	 {Towarzystwo „Więź”},
  address =	 {Warszawa},
  year =	 2022,
  edition =	 {I},
  series =	 {Bibliotek „Więzi”},
  volume =	 382,
}










@Comment ##############################################################
@Comment ENCYCLOPEDIAS
@Comment ##############################################################


@book{ Latini-Skarbiec-wiedzy-Pub-1992,
  author =	 {Brunetto Latini},
  title =	 {Skarbiec wiedzy},
  publisher =	 {Państwowy Instytut Wydawniczy},
  address =	 {Warszawa},
  year =	 1992,
  edition =	 {{}},
}










@Comment ##############################################################
@Comment BIBLIOTEKA WIEDZY WSPÓŁCZESNEJ „OMEGA”
@Comment ##############################################################


@book{ Cussard-Energia-termojadrowa-Pub-1967,
  author =	 {Jean Crussard},
  title =	 {Energia termojądrowa},
  publisher =	 {Państwowe Wydawnictwo Naukowe},
  address =	 {Warszawa},
  year =	 1965,
  edition =	 {I},
  series =	 {Bibliotek Wiedzy Współczesnej „OMEGA”},
  volume =	 78,
}



@book{ Kuderowicz-Filozofia-dziejow-Pub-1973,
  author =	 {Zbigniew Kuderowicz},
  title =	 {Filozofia dziejów. Rozwój problemów i~stanowskich},
  publisher =	 {Państwowe Wydawnictwo „Wiedza Powszechna”},
  address =	 {Warszawa},
  year =	 1973,
  edition =	 {I},
  series =	 {Bibliotek Wiedzy Współczesnej „OMEGA”},
  volume =	 264,
}



@book{ Praca-Zbiorowa-od-zera-bezwglednego-ETC-Pub-1968,
  author =	 {Praca zbiorowa},
  title =	 {Od~zera bezwzględnego do~nieskończoności. Nauka
                  o~temperaturze},
  publisher =	 {Państwowe Wydawnictwo Naukowe},
  address =	 {Warszawa},
  year =	 1968,
  edition =	 {I},
  series =	 {Biblioteka Wiedzy Współczesnej „OMEGA”},
  volume =	 {120--121},
}



@book{ Skalski-Apartheid-Pub-1969,
  author =	 {Ernest Skalski},
  title =	 {Apartheid},
  publisher =	 {Państwowe Wydawnictwo „Wiedza Powszechna”},
  address =	 {Warszawa},
  year =	 1969,
  edition =	 {I},
  series =	 {Biblioteka Wiedzy Współczesnej „OMEGA”},
  volume =	 147,
}



@book{ Whittaker-Od-Euklidesa-do-Einsteina-Pub-1965,
  author =	 {Edmunt T. Whittaker},
  title =	 {Od Euklidesa do Einsteina},
  publisher =	 {Państwowe Wydawnictwo Naukowe},
  address =	 {Warszawa},
  year =	 1965,
  edition =	 {I},
  series =	 {Bibliotek Wiedzy Współczesnej „OMEGA”},
  volume =	 36,
}










@Comment ##############################################################
@Comment HARD TO CLASSIFY
@Comment ##############################################################


@book{ Kosidowski-Gdy-Slonce-bylo-bogiem-1969,
  author =	 {Zenon Kosidowski},
  title =	 {Gdy Słońce było bogiem},
  publisher =	 {Iskry},
  address =	 {Warszawa},
  year =	 1969,
  edition =	 {VI},
  series =	 {Wędrówki śladami dawnych kultur},
}



@book{ Tuney-Slady-Frankensteina-Pub-2001,
  author =	 {Jon Turney},
  title =	 {Ślady Frankensteina},
  publisher =	 {Państwowy Instytut Wydawniczy},
  address =	 {Warszawa},
  year =	 2001,
  edition =	 {I},
  series =	 {Biblioteka Myśli Współczesnej},
  note =	 {Przełożyła Marta Wiśniewska},
}