@Comment ##############################################################
@Comment ##############################################################
@Comment VARIOUS RELIGIOUS WORKS, BOOKS
@Comment ##############################################################
@Comment ##############################################################







@Comment ##############################################################
@Comment REFORMED THEOLOGY
@Comment ##############################################################


@book{ Sproul-Reason-to-believe-Pub-1982,
  author =	 {R.C. Sproul},
  title =	 {Reson to~believe. A~response to~common objections
                  to~Christianity},
  publisher =	 {Zondervan},
  address =	 {Grand Rapids},
  year =	 1982,
}