@Comment #############################################################
@Comment #############################################################
@Comment VISUAL ARTS, BOOKS
@Comment #############################################################
@Comment #############################################################



@Comment #############################################################
@Comment EAST EUROASIA VISUAL ARTS
@Comment #############################################################


@book{ Covello-Yoshimura-Japonska-sztuka-piekna-w-kamieniu-Pub-2018,
  author =	 {Vincent T. Covello and Yuji Yoshimura},
  title =	 {Japońska sztuka odnajdywania piękna w~kamieniu.
                  Sztuka \textit{suiseki} i~jej zastosowanie w~sztuce
                  \textit{bonsai}},
  publisher =	 {UNIVERSITAS},
  address =	 {Kraków},
  year =	 2018,
  edition =	 {II},
}










@Comment #############################################################
@Comment PAINTINGS
@Comment #############################################################


@book{ Strzeminski-Teoria-widzenia-Pub-2016,
  author =	 {Władysław Strzemiński},
  title =	 {Teoria widzenia},
  publisher =	 {Muzeum Sztuki w~Łodzi},
  address =	 {Łódź},
  year =	 2016,
}










@Comment #############################################################
@Comment PAINTERS
@Comment #############################################################


@book{ Dali-Mysli-i-anegdoty-Pub-2003,
  author =	 {Salvador Dali},
  title =	 {Myśli i~anegdoty},
  publisher =	 {„Książnica” sp.~z~o.o.},
  address =	 {Katowice},
  year =	 2003,
  edition =	 {I},
  note =	 {Tłum. z~francuskiego Bożena Sęk},
}
