@Comment #############################################################
@Comment #############################################################
@Comment BIOGRAPHIES OF PEOPLE IMPORTANT TO HOLY FAITH, BOOKS
@Comment #############################################################
@Comment #############################################################



@Comment #############################################################
@Comment BIOGRAPHIES OF SAINTS
@Comment #############################################################



@Comment ###############################
@Comment BIOGRAPHIES OF SAINTS LIVING IN XV AND XVI CENTURY AFTER CHRIST
@Comment ###############################










@Comment ###############################
@Comment BIOGRAPHIES OF SAINTS LIVING IN XVI AND XVII CENTURY AFTER CHRIST
@Comment ###############################










@Comment ###############################
@Comment BIOGRAPHIES OF SAINTS LIVING IN XVII AND XVIII CENTURY
@Comment AFTER CHRIST
@Comment ###############################
