@Comment #############################################################
@Comment #############################################################
@Comment WORKS ABOUT PEOPLE IMPORTANT TO HOLY FAITH, BOOKS
@Comment #############################################################
@Comment #############################################################



@Comment #############################################################
@Comment WORKS ON THE LIFE AND THOUGHT OF THE SAINTS
@Comment #############################################################




@Comment ###############################
@Comment WORKS ABOUT THE SAINTS LIVING IN XIX AND XX CENTURIES AFTER CHRIST
@Comment ###############################










@Comment ###############################
@Comment WORKS ABOUT THE SAINT LIVING IN XX AND XXI CENTURIES AFTER CHRIST
@Comment ###############################


@book{ SzukajacPrawdyEdytaSteinWKulturzePolskiej1998,
  editor =	 {Anita Czarniecka-Stefańska},
  title =	 {Szukając prawdy. Edyta Stein w~kulturze polskiej},
  publisher =	 {Wydawnictwo Uniwerystetu Wrocławskiego},
  address =	 {Wrocław},
  year =	 1998,
  edition =	 {I},
}



@book{ Wilk???,
  editor =	 {Anita Czarniecka-Stefańska},
  title =	 {Szukając prawdy. Edyta Stein w~kulturze polskiej},
  publisher =	 {Wydawnictwo Uniwerystetu Wrocławskiego},
  address =	 {Wrocław},
  year =	 1998,
  edition =	 {I},
}










@Comment ###############################
@Comment WORKS ABOUT THE SAINTS LIVING IN XX AND XXI CENTURY AFTER CHRIST
@Comment ###############################


@book{ PoslugaMysleniaTomIX2011,
  author =	 {Red. Jarosław Kupczak~OP},
  title =	 {Jan Paweł II. Posługa myślenia},
  publisher =	 {Wydawnictwo Naukowe Uniwersytetu Papieskiego Jana
                  Pawła~II w~Krakowie},
  address =	 {Kraków},
  year =	 2011,
  edition =	 {I},
  series =	 {Studia nad myślą Jana Pawła~II},
  volume =	 9,
}










@Comment #############################################################
@Comment WORKS ABOUT LIFE AND THOUGHT OF PEOPLE IMPORTANT TO THE HOLY FAITH
@Comment #############################################################



@Comment ###############################
@Comment WORKS ON PEOPLE LIVING IN XX AND XXI CENTURY AFTER CHRIST
@Comment ###############################


@book{ SeewaldBenedyktXVI2016,
  author =	 {Peter Seewald},
  title =	 {Benedykt XVI. Ostatnie rozmowy},
  publisher =	 {Dom Wydawniczy RAFAEL},
  address =	 {Kraków},
  year =	 2016,
  edition =	 {I},
}
