@Comment #############################################################
@Comment #############################################################
@Comment Literature
@Comment #############################################################
@Comment #############################################################



@Comment #############################################################
@Comment Collections of aphorism
@Comment #############################################################


@book{ Mickiewicz-Mysli-zdania-i-uwagi-Pub-2000,
  author =	 {Adam Mickiewicz},
  title =	 {Myśli, zdania i~uwagi},
  publisher =	 {Prószyński i~S-ka},
  address =	 {Warszawa},
  year =	 2000,
  edition =	 {I},
  isbn =	 {83-7255-506-0},
  note =	 {Wybór i~opracowanie Katarzyna Leżańska},
}










@Comment #############################################################
@Comment Novels
@Comment #############################################################


@Comment #########################################
@Comment XIX and XX centuries Austrian and Austrian Empire novels,
@Comment in translation
@Comment #########################################


@book{ Musil-Niepokoje-wychowanka-Torless-Pub-1980,
  author =	 {Robert Musil},
  title =	 {},
  publisher =	 {},
  address =	 {Kraków},
  year =	 2010,
  edition =	 {I w tej edycji},
  note =	 {Tłum. Wanda Kragen},
}










@Comment #########################################
@Comment XIX and XX centuries british novels, in translation
@Comment #########################################


@book{ Chesterton-Czlowiek-ktory-byl-czwartkiem-Pub-2008,
  author =	 {Gilbert Keith Chesterton},
  title =	 {Człowiek, który był czwartkiem},
  publisher =	 {FRONDA PL sp. z~o.o.},
  address =	 {Warszawa},
  year =	 2008,
  edition =	 {I},
}



@book{ Lewis-Dopoki-mamy-twarze-Pub-2010,
  author =	 {C.S. Lewis},
  title =	 {Dopóki mamy twarze. Mit opowiedziany na nowo},
  publisher =	 {Esprit SC},
  address =	 {Kraków},
  year =	 2010,
  edition =	 {I w tej edycji},
  isbn =	 {978-83-61989-01-1},
  note =	 {Tłum. Albert Gorzkowski},
}



@book{ Tolkien-Hobbit-czyli-tam-i-z-powrotem-Pub-1997,
  author =	 {John Ronald Reuel Tolkien},
  title =	 {Hobbit, czyli tam i~z~powrotem},
  publisher =	 {Iskry},
  address =	 {Warszawa},
  year =	 {1997?},
  edition =	 {XI},
}










@Comment #########################################
@Comment XIX and XX centuries English language novels, in translation
@Comment #########################################


@book{ Clavell-Krol-szczurow-Pub-1987,
  author =	 {James Clavell},
  title =	 {Król szczurów},
  publisher =	 {Książka i~Wiedza},
  address =	 {Warszawa},
  year =	 1987,
  edition =	 {II},
  isbn =	 {83-05-11345-0},
  note =	 {Tłum. Małgorzata i~Andrzej Grabowcy},
}



@book{ Wohl-Wlocznia-Pub-2022,
  author =	 {Louis de Wohl},
  title =	 {Włócznia},
  publisher =	 {Wydawnictwo Diecezjalne i~Drukarnia w~Sandomierzu},
  address =	 {Sandomierz},
  year =	 2022,
  edition =	 {IV},
}










@Comment #########################################
@Comment XIX and XX centuries german novels, in translation
@Comment #########################################


@book{ Mann-Doktor-Faustus-Pub-2002,
  author =	 {Tomasz Mann},
  title =	 {Doktor Faustus. Żywot niemieckiego kompozytora
                  Adriana Leverk{\"{u}}hna opowiedziany przez jego
                  przyjaciela},
  publisher =	 {Porozumienie Wydawców},
  address =	 {Kraków},
  year =	 2002,
  edition =	 {I},
}










@Comment #########################################
@Comment XIX and XX centuries japanese novels, in translation
@Comment #########################################


@book{ Endo-Kobieta-Ktora-Porzucilem-Pub-1978,
  author =	 {Shusaku Endo},
  title =	 {Kobieta, którą porzuciłem},
  publisher =	 {Instytut Wydawniczy PAX},
  address =	 {Warszawa},
  year =	 1978,
  edition =	 {I},
  node =	 {Tłum. Izabela Denysenko},
}



@book{ Endo-Milczenie-Pub-1986,
  author =	 {Shusaku Endo},
  title =	 {Milczenie},
  publisher =	 {Instytut Wydawniczy PAX},
  address =	 {Warszawa},
  year =	 1986,
  edition =	 {II},
}



@book{ Endo-Samurai-Pub-,
  author =	 {Shusaku Endo},
  title =	 {Samurai},
  publisher =	 {},
  address =	 {},
  year =	 ,
  edition =	 {},
}






@Comment #########################################
@Comment XIX and XX centuries polish novels
@Comment #########################################


@Comment ###############################
@Comment Teodor Parnicki novels
@Comment ###############################


@book{ Parnicki-Kola-Na-Piasku-Pub-1989,
  author =	 {Teodor Parnicki},
  title =	 {Koła na piasku. Powieść z~roku~160 przed narodzeniem
                  Chrystusa},
  publisher =	 {Instytut Wydawniczy PAX},
  address =	 {Warszawa},
  year =	 1989,
  edition =	 {II},
}










@Comment #########################################
@Comment XX and XXI polish novels
@Comment #########################################


@book{ Dukaj-Wroniec-Pub-2009,
  author =	 {Jacek Dukaj},
  title =	 {Wroniec},
  publisher =	 {Wydawnictwo Literackie Sp. z~o.o.},
  address =	 {Kraków},
  year =	 2009,
  edition =	 {I},
}



@book{ Lem-Niezywciezony-Pub-1995,
  author =	 {Stanisław Lem},
  title =	 {Niezwyciężony},
  publisher =	 {Interart},
  address =	 {Warszawa},
  year =	 1995,
  edition =	 {I},
}










@Comment #########################################
@Comment XX and XXI centuries USA novels, in translation
@Comment #########################################


@book{ Klavan-Zwierzeca-Godzina,
  author =	 {Andrew Klavan},
  title =	 {Zwierzęca godzina},
  publisher =	 {Mocna seria!},
}



@book{ Wolfe-Cien-Kata-Pub-2007,
  author =	 {Gene Wolfe},
  title =	 {Cień kata. Księga Nowego Słońca I},
  publisher =	 {Wydawnictwo >>Książnica<<},
  address =	 {Katowice},
  year =	 2007,
  note =	 {Tłum. Arkadiusz Nakoniecznik},
}










@Comment #############################################################
@Comment Poetry
@Comment #############################################################



@Comment ###############################
@Comment British poetry, XVI and XVII century, in translation
@Comment ###############################


@book{ Baranczak-Antologia-angielskiej-poezji-metafizycznej-Pub-1982,
  author =	 {Stanisław Barańczak},
  title =	 {Antologia angielskiej poezji metafizycznej XVII
                  stulecia},
  publisher =	 {Państwowy Instytytu Wydawniczy},
  address =	 {Warszawa},
  year =	 1982,
  edition =	 {I},
}










@Comment ###############################
@Comment Moscovia poetry, XVIII and XIX century, in translation
@Comment ###############################


@book{ Lermontow-Poezje-Wybrane-Pub-1981,
  author =	 {Michaił Lermontow},
  title =	 {Poezje wybrane},
  publisher =	 {Państwowy Instytytu Wydawniczy},
  address =	 {Warszawa},
  year =	 1981,
  edition =	 {I},
  series =	 {Biblioteka poetów},
  isbn =	 {83-205-3322-8},
  note =	 {Wyboru dokonał i~wstępem opatrzył Zbigniew
                  Bieńkowski},
}










@Comment #########################################
@Comment Polish poetry, XVIII and XIX century
@Comment #########################################


@book{ Miczkiewicz-Pan-Tadeusz-Pub-1980,
  author =	 {Adam Mickiewicz},
  title =	 {Pan Tadeusz, czyli ostatni zajazd na Litwie.
                  Historia szlachecka z~roku 1811 i~1812 w~dwunastu
                  księgach wierszem},
  publisher =	 {Zakład Narodowy imienia Ossolińskich~-- Wydawnictwo},
  address =	 {Wrocław, Warszawa, Kraków, Gdańsk},
  year =	 1980,
  edition =	 {VIII},
  issn =	 {0208-4104},
  isbn =	 {83-04-00446-1},
  series =	 {Biblioteka Narodowa. Seria~I},
  note =	 {Opracował Stanisław Pigoń},
}










@Comment #########################################
@Comment Polish poetry, XIX and XX century
@Comment #########################################


@book{ Brandstaetter-Wiersze-i-poematy-Pub-2003,
  author =	 {Roman Brandstaetter},
  title =	 {Wiersze i~poematy},
  publisher =	 {Wydawnictwo M},
  address =	 {Kraków},
  year =	 2003,
  series =	 {Roman Brandstaetter, dzieła zebrane},
}



@book{ Iwaszkiewicz-Wiersze-Tom-I-Pub-1977,
  author =	 {Jarosław Iwaszkiewicz},
  title =	 {Wiersze},
  publisher =	 {Czytelnik},
  address =	 {Warszawa},
  year =	 1977,
  edition =	 {I},
  volume =	 {I},
}



@book{ Lechon-Aria-z-kurantem-i-inne-wiersze-Pub-1992,
  author =	 {Jan Lechoń},
  title =	 {Aria z~kurantem i~inne wiersze},
  publisher =	 {PROFILE},
  address =	 {Bielsko-Biała},
  year =	 1992,
  edition =	 {I},
  isbn =	 {83-85741-03-8},
}



@book{ Lechon-Poezje-Pub-1973,
  author =	 {Jan Lechoń},
  title =	 {Poezje},
  publisher =	 {Państwowy Instytut Wydawniczy},
  address =	 {Warszawa},
  year =	 1973,
  edition =	 {II},
}










@Comment #########################################
@Comment Polish poetry, XX and XXI century
@Comment #########################################


@book{ Dopart-Na-powrot-Wiesze-Pub-2022,
  author =	 {Bogusław Dopart},
  title =	 {Na~powrót. Wiersze},
  publisher =	 {Biały Kruk},
  address =	 {Kraków},
  year =	 2022,
  edition =	 {I},
}



@book{ Rymkiewicz-Cicho-ciszej-Pub-2003,
  author =	 {Jarosław Marek Rymkiewicz},
  title =	 {Cicho ciszej. Wybrane wiersze z~lat 1963--2002},
  publisher =	 {Sic!},
  address =	 {Warszawa},
  year =	 2003,
  edition =	 {I},
}










@Comment #############################################################
@Comment Short stories
@Comment #############################################################



@Comment #########################################
@Comment Polish short stories, XIX and XX century
@Comment #########################################


@book{ Red-Timofiejczyk-Antologia-noweli-polskiej-ETC-Tom-I-Pub-1982,
  editor =	 {Red. Lidia Timofiejczyk},
  title =	 {Antologia noweli polskiej, 1918--1978. Tom~I},
  publisher =	 {Wydawnictwo Literackie},
  address =	 {Kraków},
  year =	 1982,
  edition =	 {I},
  isbn =	 {83-08-00439-3},
}










@Comment #########################################
@Comment Polish short stories, XX and XXI century
@Comment #########################################


@book{ Lem-Dzienniki-gwiazdowe-Wydanie-rozszerzone-Pub-1982,
  author =	 {Stanisław Lem},
  title =	 {Dzienniki gwiazdowe. Wydanie rozszerzone},
  publisher =	 {Wydawnictwo Literackie},
  address =	 {Kraków},
  year =	 1982,
  edition =	 {I~rozszerzone},
}



@book{ Lem-Ogrod-ciemnosci-i-inne-opowiadania-Pub-2017,
  author =	 {Stanisław Lem},
  title =	 {„Ogród ciemności” i~inne opowiadania},
  publisher =	 {Wydawnictwo Literackie},
  address =	 {Kraków},
  year =	 2017,
  edition =	 {I},
  isbn =	 {978-83-08-06432-0},
  note =	 {Wybór Tomasz Lem. Posłowie Jerzy Jarzębski},
}



@book{ Wildstein-Przyszlosc-z-ograniczona-odpowiedzialnoscia-Pub-2010,
  author =	 {Bronisław Wildstein},
  title =	 {Przyszłość z~ograniczoną odpowiedzialnością},
  publisher =	 {Wydawnictwo~M},
  address =	 {Kraków},
  year =	 2010,
  edition =	 {II},
}










@Comment #############################################################
@Comment Shameless propaganda
@Comment #############################################################


@book{ Mickiewicz-Ksiega-narodu-polskiego-ETC-Pub-2004,
  author =	 {Adam Mickiewicz},
  title =	 {Księgi narodu polskiego i~pielgrzymstwa polskiego},
  publisher =	 {Zakład Narodowy im.~Ossolińskich},
  address =	 {Wrocław},
  year =	 2004,
}










@Comment #############################################################
@Comment Songs
@Comment #############################################################


@Comment ###############################
@Comment USA songs, XX and XXI century, in translation
@Comment ###############################


@book{ Dylan-Duszny-kraj-Pub-2017,
  author =	 {Bob Dylan},
  title =	 {Duszny kraj. Wybrane utwory z~lat 1962--2012},
  publisher =	 {Biuro Literacke},
  address =	 {Stronie Śląskie},
  year =	 2017,
  edition =	 {I},
  note =	 {Wybór, przekład, komentarze i~posłowie Filip
                  Łobodziński},
}
