@Comment ##############################################################
@Comment ##############################################################
@Comment Literary studies, online resources
@Comment ##############################################################
@Comment ##############################################################



@Comment ##############################################################
@Comment J.R.R. Tolkien
@Comment ##############################################################


@online{ Anselm-Society-Imagination-Redeemed-Online-ETC-Ver-2021,
  author =	 {Anselm Society},
  title =	 {Imagination Redeemed Online~-- Holly Ordway~--
                  Tolkien and the~Function~of Fantasty},
  year =	 2020,
  url =		 {https://www.youtube.com/watch?v=luHHfVPwY1M},
  urldate =	 {2024-12-11},
}



@online{ Catholic-Culture-Tolkien-and-Aquinas-ETC-Ep-40-ETC-Ver-2019,
  author =	 {Catholic Culture},
  title =	 {Tolkien and~Aquinas~-- Jonathan S.~MaIntosh; Ep.40},
  year =	 2019,
  url =		 {https://www.youtube.com/watch?v=k5fdeNHdfyk},
  urldate =	 {2025-02-10},
}



@online{ Druzyna-Pyrlandii-Silmarillion-dla-opornych-dyskusja-ETC-Ver-2021,
  author =	 {Drużyna Pyrlandii},
  title =	 {„Silimarillion” dla opornych. Dyskusja online
                  18/06/2021},
  year =	 2021,
  url =		 {https://www.youtube.com/watch?v=K-YIXPIqdro},
  urldate =	 {2024-08-27},
}



@online{ Ink-and-Fantasy-Why-Tolkien-Was-Accused-of-Black-ETC-Ver-2024,
  author =	 {Ink and~Fantasy},
  title =	 {Why Tolkien Was Accused~of Black Magic By~His
                  Translator},
  yeart =	 2024,
  url =		 {https://www.youtube.com/watch?v=V-P-AupASN4},
  urldate =	 {2024-12-24},
}



@online{ Nowy-Lad-Glebia-Tolkiena-Od-Galadrieli-po-Numenor-ETC-Ver-2024,
  author =	 {Nowy Ład},
  title =	 {Głębia Tolkiena: Od~Galadrieli po~Numenor~-- analiza
                  mniej oczywistych tematów},
  year =	 2024,
  url =		 {https://www.youtube.com/watch?v=ZaI4CPqlt5A},
  urldate =	 {2024-12-24},
}



@online{ Ordway-A-Hard-Won-Faith-Tolkiens-Spiritual-ETC-Ver-2023,
  author =	 {Holly Ordway},
  title =	 {A~Hard-Won Faith: Tolkien's Spiritual Journey},
  year =	 2023,
  url =		 {https://www.youtube.com/watch?v=iOo6VGWrEOI},
  urldate =	 {2025-01-04},
}



@online{ Ordway-Tolkiens-Faith-and-the-Formation-of-Middle-earth-Ver-2023,
  author =	 {Holly Ordway},
  title =	 {Tolkien's Faith and the Formation~of Middle-earth},
  year =	 2023,
  url =		 {https://www.youtube.com/watch?v=G7KHjsID1ks},
  urldate =	 {2025-01-06},
}



@online{ The-Tolkien-Road-Podcast-Why-Did-Tolkien-Despise-ETC-Ver-2021,
  author =	 {The~Tolkien Road Podcast},
  title =	 {Why Did Tolkien "Despise" Narnia. Ep 266},
  year =	 2021,
  url =		 {https://www.youtube.com/watch?v=kuTXCxB92zc},
  urldate =	 {2024-07-25},
}











@Comment ##############################################################
@Comment French literature
@Comment ##############################################################


@Comment #########################################
@Comment XX and XXI century
@Comment #########################################


@online{ Nowy-Lad-Kim-jest-Michel-Houellebecq-ETC-Ver-2024,
  author =	 {Nowy Ład},
  title =	 {Kim jest Michel Houellebecq? Fakty i~mity
                  o~kontrowersyjny pisarzu; Ludwik Pęzioł},
  year =	 2024,
  url =		 {https://www.youtube.com/watch?v=xR0kKNaRk_U},
  urldate =	 {2024-09-11},
}










@Comment ##############################################################
@Comment Polish literature
@Comment ##############################################################


@Comment #########################################
@Comment XVIII and XIX century
@Comment #########################################


@online{ Chadanowicz-et-al-Autor-i-jego-tlumacze-Adam-Mickiewicz-Ver-2023,
  author =	 {Instytut Książki},
  title =	 {Autor i~jego tłumacze: Adam Mickiewicz},
  year =	 2023,
  url =		 {https://www.youtube.com/watch?v=BzIK9sWaVSc},
  urldate =	 {2024-07-27},
}



@online{ W-powiekszeniu-Adam-Mickiewicz-Dziady-Ver-2024,
  author =	 {Sądy Przesądy},
  title =	 {Adam Mickiewicz „Dziady”; W~powiększeniu},
  year =	 2024,
  url =		 {https://www.youtube.com/watch?v=_VSLMRRdDCs},
  urldate =	 {2025-01-24},
}



@online{ W-powiekszeniu-Adam-Mickiewicz-Pan-Tadeusz-Ver-2024,
  author =	 {Sądy Przesądy},
  title =	 {Adam Mickiewicz „Pan Tadeusz”; W~powiększeniu},
  year =	 2024,
  url =		 {https://www.youtube.com/watch?v=govQbLQAUG0},
  urldate =	 {2024-07-30},
}










@Comment #########################################
@Comment XIX and XX century
@Comment #########################################


@online{ Rusin-Gaweda-o-Boleslawie-Prusie-Ver-2021,
  author =	 {Joanna Rusin},
  title =	 {Gawęda o~Bolesławie Prusie},
  year =	 2021,
  url =		 {https://www.youtube.com/watch?v=egukmCmphqM},
  urldate =	 {2024-08-01},
  note =	 {WiMBPRzeszow},
}



@online{ W-powiekszeniu-Boleslaw-Lesmian-Ver-2023,
  author =	 {Sądy Przesądy},
  title =	 {Bolesław Leśmian; W~powiększeniu},
  year =	 2024,
  url =		 {https://www.youtube.com/watch?v=oBfPq_gQ77U},
  urldate =	 {2024-09-17},
}



@online{ W-powiekszeniu-Boleslaw-Prus-Ver-2023,
  author =	 {Sądy Przesądy},
  title =	 {Bolesław Prust; W~powiększeniu},
  year =	 2023,
  url =		 {https://www.youtube.com/watch?v=q0vNyzCfmOs},
  urldate =	 {2024-07-30},
}



@online{ W-powiekszeniu-Jan-Lechon-Ver-2023,
  author =	 {Sądy Przesądy},
  title =	 {Jan Lechoń; W~powiększeniu},
  year =	 2023,
  url =		 {https://www.youtube.com/watch?v=iYkkPQACUoM},
  urldate =	 {2025-02-05},
}










@Comment ##############################################################
@Comment West Euroasia literature after 1945
@Comment ##############################################################














@Comment #############################################################
@Comment United States of America literature
@Comment #############################################################


@online{ Catholic-Culture--ETC-Ep-40-ETC-Ver-2019,
  author =	 {Catholic Culture},
  title =	 {},
  year =	 2019,
  url =		 {},
  urldate =	 {2025-02-10},
}








@Comment #############################################################
@Comment
@Comment #############################################################













@Comment #############################################################
@Comment
@Comment #############################################################












@Comment ##############################################################
@Comment
@Comment ##############################################################












@Comment #############################################################
@Comment
@Comment #############################################################













@Comment ###############################
@Comment
@Comment ###############################












@Comment ###############################
@Comment
@Comment ###############################













@Comment ###############################
@Comment
@Comment ###############################













@Comment ###############################
@Comment
@Comment ###############################

















@Comment #############################################################
@Comment
@Comment #############################################################

















@Comment #############################################################
@Comment
@Comment #############################################################



@Comment #############################################################
@Comment
@Comment #############################################################













@Comment #############################################################
@Comment
@Comment #############################################################












@Comment #############################################################
@Comment
@Comment #############################################################















@Comment #############################################################
@Comment
@Comment #############################################################












@Comment #############################################################
@Comment
@Comment #############################################################













@Comment #############################################################
@Comment
@Comment #############################################################













@Comment ##############################################################
@Comment
@Comment ##############################################################
