@Comment #############################################################
@Comment #############################################################
@Comment Literary studies. Articles
@Comment #############################################################
@Comment #############################################################




@Comment #############################################################
@Comment Mythlore: a Journal of J.R.R. Tolkien, C.S. Lewis,
@Comment Charles Williams, and Mythopoeic
@Comment #############################################################


@article{ Bergvall-A-Myth-Retold-Pub-1984,
  author =	 {\r{A}ke Bergvall},
  title =	 {A~Myth Retold: C.S. Lewis' \textit{Till We Have Faces}},
  journal =	 {Mythlore: A Journal of J.R.R. Tolkien, C.S. Lewis,
                  Charles Williams, and Mythopoeic},
  year =	 1984,
  volume =	 11,
  number =	 1,
  pages =	 {2--12},
}










@Comment #############################################################
@Comment "Pamiętnik literacki" journal
@Comment #############################################################


@article{ Inglot-Norwidowska-Lektura-Pana-Tadeusza-Pub-1984,
  author =	 {Mieczysław Inglot},
  title =	 {Norwidowska lektura „Pana Tadeusza”},
  journal =	 {Pamiętnik Literacki},
  year =	 1984,
  volume =	 75,
  number =	 3,
  pages =	 {27--50},
}










@Comment #############################################################
@Comment "Roczniki kulturoznawcze" journal
@Comment #############################################################


@article{ Zajaczkowski-Literatura-polska-w-Japonii-Pub-2016,
  author =	 {Ryszard Zajączkowski},
  title =	 {Literatura polska w~Japonii},
  journal =	 {Roczniki kulturoznawcze},
  year =	 2016,
  volume =	 {VII},
  number =	 3,
  pages =	 {147--169},
  doi =		 {http://dx.doi.org/10.18290/rkult.2016.7.3-9},
}










@Comment #############################################################
@Comment "Teksty drugie" journal
@Comment #############################################################


@article{ Kalinowska-Dostojewski-i-Polacy-Pub-1994,
  author =	 {Izabela Kalinowska},
  title =	 {Dostojewski i~Polacy},
  journal =	 {Teksty Drugie},
  year =	 1994,
  number =	 1,
  pages =	 {59--67},
}










@Comment #############################################################
@Comment "The Polish Review" journal
@Comment #############################################################


@article{ Zielienska-Elliott-Does-the-Sheep-Man-Hail-ETC-Pub-2023,
  author =	 {Anna Zielinska-Elliott},
  title =	 {Does the Sheep Man Hail From Solaris? Stanisław Lem
                  and Haruki Murakami},
  journal =	 {The~Polish Review},
  year =	 2023,
  volume =	 68,
  number =	 2,
  pages =	 {90-101},
}



@article{ Kukulak-Two-Faces-of-Mars-Pub-2023,
  author =	 {Szymon Kukulak},
  title =	 {Two Faces of Mars: The Red Planet in Stanisław Lem's
                  "The Man from Mars" and “Ananke” in Light of
                  Contemporary Scientific Pursuits and Martian
                  Fiction},
  journal =	 {The Polish Review},
  year =	 {2023},
  month =	 {07},
  volume =	 {68},
  number =	 {2},
  pages =	 {102--126},
  issn =	 {0032-2970},
  doi =		 {10.5406/23300841.68.2.09},
  url =		 {https://doi.org/10.5406/23300841.68.2.09},
  eprint =
                  {https://scholarlypublishingcollective.org/uip/tpr/article-pdf/68/2/102/1860295/102kukulak.pdf},
}