@Comment ##############################################################
@Comment ##############################################################
@Comment Common issues, politics, politology, online resources
@Comment ##############################################################
@Comment ##############################################################



@Comment ##############################################################
@Comment Africa
@Comment ##############################################################


@online{ Grzeszczuk-Lakomy-Jaka-jest-przyszlosc-ETC-Ver-2024,
  author =	 {Mateusz Grzeszczuk and Mateusz Łakomy},
  title =	 {Jaka jest przyszłość demograficzna Afryki?},
  year =	 2024,
  url =		 {https://www.youtube.com/watch?v=zbyGhOXVSqE
                  =hHkDJgqad3c},
  urldate =	 {20-VII-2024},
  note =	 {Podróż be Paszportu},
}




@Comment ##############################################################
@Comment Belarus
@Comment ##############################################################


@online{ OSW-Bialorus-2024-Stan-panstwa-Ver-2024,
  author =	 {Ośrodek Studiów Wschodnich},
  title =	 {Białoruś~2024. Stan państwa},
  year =	 2024,
  url =		 {https://www.youtube.com/watch?v=zfXyH_3a3ko},
  urldate =	 {20-VII-2024},
}










@Comment ##############################################################
@Comment Burma/Myanmar
@Comment ##############################################################


@online{ Grzeszczuk-Lubina-Czy-nadchodzi-koniec-junty-ETC-Ver-2024,
  author =	 {Mateusz Grzeszczku and Michał Lubina},
  title =	 {Czy nadchodzi koniec junty w~Brimie?},
  year =	 2024,
  url =		 {https://www.youtube.com/watch?v=jTjPKdWVZeg},
  urldate =	 {26-VII-2024},
}










@Comment ##############################################################
@Comment France
@Comment ##############################################################


@online{ Gielzak-Janke-Kim-jest-Melenchone-i-Niepokorni-ETC-Ver-2024,
  author =	 {Marcin Giełzak and Igor Janke},
  title =	 {Kim jest Melenchone i~Niepokorni. Jaka może być
                  Francja współrządzona przez lewicę?},
  year =	 2024,
  url =		 {https://www.youtube.com/watch?v=KooVX5tdupo},
  urldate =	 {20-VII-2024},
  note =	 {Układ otwarty~-- Igor Janke},
}



@online{ Gielzak-Kita-Koniec-Macrona-i-poczatek-Le-Pen-ETC-Ver-2024,
  author =	 {Marcin Giełzak and Kacper Kita},
  title =	 {Koniec Macrona i~początek Le Pen, czy triumf Lewicy?
                  Co dalej z~Francja?},
  year =	 2024,
  url =		 {https://www.youtube.com/watch?v=TaROe7dHnvA},
  urldate =	 {25-VII-2024},
  note =	 {Kuźnia},
}



@online{ Grzeszczuk-Rucinski-Zmasowany-atak-na-francuska-kolej-ETC-Ver-2024,
  author =	 {Mateusz Grzeszczuk and Krzysztof Ruciński},
  title =	 {Zmasowany atak na~francuską kolej. Chaos przed
                  igrzyskami},
  year =	 2024,
  url =		 {https://www.youtube.com/watch?v=zbyGhOXVSqE},
  urldate =	 {26-VII-2024},
  note =	 {Podróż bez Paszportu},
}










@Comment ##############################################################
@Comment Germany
@Comment ##############################################################


@online{ Dolesniak-Harczuk-Niemcy-boja-sie-wygranej-Trumpa-Ver-2024,
  author =	 {Olga Doleśniak-Harczuk and Otwarta Konserwa},
  title =	 {Niemcy boją~się wygranej Trumpa},
  year =	 2024,
  url =		 {https://www.youtube.com/watch?v=YqGWf27qq-k},
  urldate =	 {26-VII-2024},
  note =	 {Otwarta Konserwa | Świat w~Konserwie},
}










@Comment ##############################################################
@Comment Iran
@Comment ##############################################################


@online{ Krzyzanowski-Kubasiewicz-Iranska-gospodarka-slabnie-ETC-Ver-2024,
  author =	 {Marcin Krzyżanowski and Mateusz Kubasiewicz},
  title =	 {Irańska gospodarka słabnie i~nie zanosi~się,
                  że~będzie lepiej},
  year =	 2024,
  url =		 {https://www.youtube.com/watch?v=iqvyg2rnpaA},
  urldate =	 {26-VII-2024},
  note =	 {Podróż bez Paszportu},
}










@Comment ##############################################################
@Comment Middle East
@Comment ##############################################################


@online{ Grzeszczuk-Gajda-Iran-Izrael-ETC-Ver-2024,
  author =	 {Mateusz Grzeszczuk},
  title =	 {Iran~-- Izrael | Live o~sytuacji na Bliskim
                  Wschodzie},
  year =	 2024,
  url =		 {https://www.youtube.com/watch?v=SqHJP3UpuFI},
  urldate =	 {25-VII-2024},
  note =	 {Podróż bez Paszportu},
}










@Comment ##############################################################
@Comment Ośrodek Studiów Wschodnich
@Comment ##############################################################


















@Comment ##############################################################
@Comment Podróż bez Paszportu
@Comment ##############################################################


@online{ Banasiewicz-Grzeszczuk-Strach-o-igrzyska-w-Paryzu-ETC-Ver-2024,
  author =	 {Bartłomiej Banasiewicz and Mateusz Grzeszczku},
  title =	 {Strach o igrzyska w Paryżu. Czy będzie bezpiecznie?},
  year =	 2024,
  url =		 {https://www.youtube.com/watch?v=oyr66wKE-Kg},
  urldate =	 {20-VII-2024},
  note =	 {Podróż bez Paszportu},
}



@online{ Grzeszczuk-Michalski-Joe-Biden-wycofuje-sie-ETC-Ver-2024,
  author =	 {Mateusz Grzeszczuk and Rafał Michalski},
  title =	 {Joe Biden wycofuje~się z~wyścigu o~Biały Domu},
  year =	 2024,
  url =		 {https://www.youtube.com/watch?v=vpzb9O0qjO8},
  urldate =	 {21-VII-2024},
  note =	 {Podróż bez Paszportu},
}










@Comment ###############################
@Comment Komentarz w Podróży
@Comment ###################n############


@online{ Komentarz-w-Podrozy-Dlaczego-McDonalds-traci-znak-ETC-Ver-2024,
  author =	 {Komentarz w~Podróży},
  title =	 {Dlaczego McDonald's traci znak towarowy Big Mac?},
  year =	 2024,
  url =		 {https://www.youtube.com/watch?v=3gyw-ScTyJM},
  urldate =	 {26-VII-2024},
  note =	 {Podróż bez Paszportu},
}










@Comment #############################################################
@Comment Russia
@Comment #############################################################


@online{ Chawrylo-Rosyjska-propagadna-oskarza-o-zamach-ETC-Ver-2024,
  author =	 {Katarzyna Chawryło},
  title =	 {Rosyjska propaganda oskarża o~zamach pod Moskwą.
                  Reakcje w~Rosji na~zamach},
  year =	 2024,
  url =		 {https://www.youtube.com/watch?v=49wiNpD93qE},
  urldate =	 {23-VII-2024},
  note =	 {Ośrodek Studiów Wschodnich}
}



@online{ Grala-IV-rzesza-kremlowskia-ETC-Ver-2024,
  author =	 {Hieronim Grala},
  title =	 {„IV rzesza kremlowska”. Rozmowy pokojowe bez~Rosji.
                  Prof.~Grala: Putni nie przewiduje końca wojna},
  year =	 2024,
  url =		 {https://www.youtube.com/watch?v=CZGTotU0YY4},
  urldate =	 {23-VII-2024},
  note =	 {Wirtualna Polska News},
}



@online{ Menkiszak-Zamach-w-Rosji-Putin-zabral-glos-ETC-Ver-2024,
  author =	 {Marek Menkiszak},
  title =	 {Zamach w~Rosji. Putin zabrał głos. Podsumowanie
                  aktualnych informacji},
  year =	 2024,
  url =		 {https://www.youtube.com/watch?v=2GF9fEwrinc},
  urldate =	 {24-VII-2024},
  note =	 {Ośrodek Studiów Wschodnich},
}










@Comment #############################################################
@Comment South Korea
@Comment #############################################################


@online{ Pyra-w-Korei-Uciekał-907-dni-ETC-Ver-2023,
  author =	 {Pyra w Korei},
  title =	 {Uciekał 907 dni. Sin Changwon, najsłynniejszy zbieg
                  Korei Południowej},
  year =	 2023,
  url =		 {https://www.youtube.com/watch?v=2GF9fEwrinc},
  urldate =	 {24-VII-2024},
  note =	 {Ciemna Strona Korei},
}










@Comment ##############################################################
@Comment United Kingdom
@Comment ##############################################################


@online{ Goodwin-Leeds-Riots-ETC-Ver-2024,
  author =	 {Matt Goodwin},
  title =	 {Leeds Riots: What REALLY Happened and Why It
                  Matters},
  year =	 2024,
  url =		 {https://www.youtube.com/watch?v=kfpoSwzPQss},
  urldate =	 {24-VII-2024},
}



@online{ Goodwin-The-CRISIS-of-British-Conservatism-Ver-2024,
  author =	 {Matt Goodwin},
  title =	 {The CRISIS~of British Conservatism},
  year =	 2023,
  url =		 {https://www.youtube.com/watch?v=iFqRqNcCeO8},
  urldate =	 {24-VII-2024},
}














@Comment #############################################################
@Comment United States of America
@Comment #############################################################


@online{ Caldwell-Gray-JD-Vance-class-in-America-ETC-Ver-2024,
  author =	 {Christopher Caldwell and Freddy Gray},
  title =	 {JD Vacne, class in~America, and the~future of
                  the~right},
  year =	 2024,
  url =		 {https://www.youtube.com/watch?v=2DNaDQAvK-M},
  urldate =	 {24-VII-2024},
  note =	 {The Spectator},
}








@Comment #############################################################
@Comment General discussions
@Comment #############################################################


@online{ Biskup-Kita-Ordynacje-przeciw-prawicy-ETC-Ver-2024,
  author =	 {Przemysław Biskup and Kacper Kita},
  title =	 {Ordynacje przeciw prawicy? Systemy poliyczne
                  załamują~się?},
  year =	 2024,
  url =		 {https://www.youtube.com/watch?v=VjkVQvDzF-M},
  urldate =	 {24-VII-2024},
  note =	 {Nowy Ład},
}



@online{ Ferguson-Robinson-The-Treason-of-the-Intellectuals-Ver-2024,
  author =	 {Niall Ferguson and Peter Robinson},
  title =	 {The~Treson~of the~Intellectuals},
  year =	 2024,
  url =		 {https://www.youtube.com/watch?v=LpMQSVp7NTg},
  urldate =	 {24-VII-2024},
  note =	 {Uncommon Knowledge, Hoover Insituation},
}










@Comment ##############################################################
@Comment
@Comment ##############################################################













@Comment #############################################################
@Comment
@Comment #############################################################













@Comment ###############################
@Comment
@Comment ###############################

















@Comment ###############################
@Comment
@Comment ###############################













@Comment ###############################
@Comment
@Comment ###############################













@Comment ###############################
@Comment
@Comment ###############################












@Comment #############################################################
@Comment
@Comment #############################################################












@Comment #############################################################
@Comment
@Comment #############################################################



@Comment #############################################################
@Comment
@Comment #############################################################












@Comment #############################################################
@Comment
@Comment #############################################################












@Comment #############################################################
@Comment
@Comment #############################################################












@Comment #############################################################
@Comment
@Comment #############################################################












@Comment #############################################################
@Comment
@Comment #############################################################













@Comment #############################################################
@Comment
@Comment #############################################################













@Comment ##############################################################
@Comment
@Comment ##############################################################













@Comment ##############################################################
@Comment
@Comment ##############################################################












@Comment ##############################################################
@Comment
@Comment ##############################################################
