@Comment ##############################################################
@Comment ##############################################################
@Comment Common issues, politics, politology, netography
@Comment ##############################################################
@Comment ##############################################################



@Comment ##############################################################
@Comment Africa
@Comment ##############################################################


@online{ Grzeszczuk-Lakomy-Jaka-jest-przyszlosc-ETC-Ver-2024,
  author =	 {Mateusz Grzeszczuk and Mateusz Łakomy},
  title =	 {Jaka jest przyszłość demograficzna Afryki?},
  year =	 2024,
  url =		 {https://www.youtube.com/watch?v=hHkDJgqad3c},
  urldate =	 {29-VII-2024},
  note =	 {Podróż be Paszportu},
}



@online{ Grzeszczuk-Gadera-Armia-Bozego-Oporu-ETC-Ver-2024,
  author =	 {Mateusz Grzeszczuk and Konrad Gadera},
  title =	 {Armia Bożego Oporu. Świat nie poznał tej tragedii},
  year =	 2024,
  url =		 {https://www.youtube.com/watch?v=mowunILD2-o},
  urldate =	 {01-VIII-2024},
  note =	 {Podróż be Paszportu},
}










@Comment ##############################################################
@Comment Armenia
@Comment ##############################################################


@online{ Grzeszczuk-Skwiecinski-Padl-rosyjski-mit-Armenii-ETC-Ver-2024,
  author =	 {Mateusz Grzeszczuk and Piotr Skwieciński},
  title =	 {Padł rosyjski mit w~Armenii. Czy Ormianie rozumieją
                  Rosjan?},
  year =	 2024,
  url =		 {https://www.youtube.com/watch?v=yeZ2nYJES8s},
  urldate =	 {01-VIII-2024},
}



@online{ OSW-Armenia-co-warto-wiedziec-ETC-Ver-2021,
  author =	 {Ośrodek Studiów Wschodnich},
  title =	 {Padł rosyjski mit w~Armenii. Czy Ormianie rozumieją
                  Rosjan?},
  year =	 2021,
  url =		 {https://www.youtube.com/watch?v=mbIMUdgrnVs},
  urldate =	 {03-VIII-2024},
  note =	 {OSW~-- Ośrodek Studiów Wschodnich},
}










@Comment ##############################################################
@Comment Belarus
@Comment ##############################################################


@online{ OSW-Bialorus-2024-Stan-panstwa-Ver-2024,
  author =	 {Ośrodek Studiów Wschodnich},
  title =	 {Białoruś~2024. Stan państwa},
  year =	 2024,
  url =		 {https://www.youtube.com/watch?v=zfXyH_3a3ko},
  urldate =	 {20-VII-2024},
}



@online{ OSW-Czy-Lukaszenka-pomoze-Putinowi-ETC-Ver-2024,
  author =	 {Ośrodek Studiów Wschodnich},
  title =	 {Czy Łukaszenka pomoże Putinowi? Groźby Białorusi
                  wobec Ukrainy. Łukaszenka a~atak Ukrainy na~Rosję?},
  year =	 2024,
  url =		 {https://www.youtube.com/watch?v=KuPmzJC_wg8},
  urldate =	 {14-VIII-2024},
}

















@Comment ##############################################################
@Comment Burma/Myanmar
@Comment ##############################################################


@online{ Grzeszczuk-Lubina-Czy-nadchodzi-koniec-junty-ETC-Ver-2024,
  author =	 {Mateusz Grzeszczku and Michał Lubina},
  title =	 {Czy nadchodzi koniec junty w~Brimie?},
  year =	 2024,
  url =		 {https://www.youtube.com/watch?v=jTjPKdWVZeg},
  urldate =	 {26-VII-2024},
}










@Comment ##############################################################
@Comment Caucasus
@Comment ##############################################################


@online{ OSW-Armenia-Azerbejdzan-Wieczny-konflikt-Ver-2024,
  author =	 {Ośrodek Studiów Wschodnich},
  title =	 {Armenia-Azerbejdżan. Wieczny konflikt?},
  year =	 2024,
  url =		 {https://www.youtube.com/watch?v=iN1J-JflSmE},
  urldate =	 {10-VII-2024},
  note =	 {Podcast Ośrodka Studiów Wschodnich},
}










@Comment ##############################################################
@Comment East Euroasia
@Comment ##############################################################


@online{ Grzeszczuk-Chatys-Japonia-i-Filipiny-podpisuja-pakt-ETC-Ver-2024,
  author =	 {Mateusz Grzeszczku and Mateusz Chatys},
  title =	 {Japonia i~Filipiny podpisują pakt obronny},
  year =	 2024,
  url =		 {https://www.youtube.com/watch?v=bJltYgOyiAA},
  urldate =	 {01-VIII-2024},
}










@Comment ##############################################################
@Comment France
@Comment ##############################################################


@online{ Gielzak-Janke-Kim-jest-Melenchone-i-Niepokorni-ETC-Ver-2024,
  author =	 {Marcin Giełzak and Igor Janke},
  title =	 {Kim jest Melenchone i~Niepokorni. Jaka może być
                  Francja współrządzona przez lewicę?},
  year =	 2024,
  url =		 {https://www.youtube.com/watch?v=KooVX5tdupo},
  urldate =	 {20-VII-2024},
  note =	 {Układ otwarty~-- Igor Janke},
}



@online{ Gielzak-Kita-Koniec-Macrona-i-poczatek-Le-Pen-ETC-Ver-2024,
  author =	 {Marcin Giełzak and Kacper Kita},
  title =	 {Koniec Macrona i~początek Le Pen, czy triumf Lewicy?
                  Co dalej z~Francja?},
  year =	 2024,
  url =		 {https://www.youtube.com/watch?v=TaROe7dHnvA},
  urldate =	 {25-VII-2024},
  note =	 {Kuźnia},
}



@online{ Gielzak-Kita-Janke-Inauguracja-Igrzysk-Francja-ETC-Ver-2024,
  author =	 {Marcin Giełzak and Kacper Kita and Igor Janke},
  title =	 {Inauguracja Igrzysk, Francja i~„Imagine” Lennona.
                  Skandal i~sztuka},
  year =	 2024,
  url =		 {https://www.youtube.com/watch?v=ZM-ARCAmuv0},
  urldate =	 {02-VIII-2024},
  note =	 {Układ Otwarty~-- Igor Janke},
}



@online{ Grzeszczuk-Kita-Francja-nadal-w-politycznym-ETC-Ver-2024,
  author =	 {Mateusz Grzeszczuk and Kacper Kita},
  title =	 {Francja nadal w~politycznym chaosie. W~co gra
                  Macron?},
  year =	 2024,
  url =		 {https://www.youtube.com/watch?v=mzraxtb6PZw},
  urldate =	 {28-VII-2024},
  note =	 {Podróż bez Paszportu},
}



@online{ Grzeszczuk-Rakowski-Zaostrza-sie-konflikt-Izreal-ETC-Ver-2024,
  author =	 {Mateusz Grzeszczuk and Paweł Rakowski},
  title =	 {Zaostrza~się konflikt Izrael-Liban. Co czeka Bliski
                  Wschód?},
  year =	 2024,
  url =		 {https://www.youtube.com/watch?v=k1qwCPE_aK8},
  urldate =	 {29-VII-2024},
  note =	 {Podróż bez Paszportu},
}



@online{ Grzeszczuk-Rucinski-Zmasowany-atak-na-francuska-kolej-ETC-Ver-2024,
  author =	 {Mateusz Grzeszczuk and Krzysztof Ruciński},
  title =	 {Zmasowany atak na~francuską kolej. Chaos przed
                  igrzyskami},
  year =	 2024,
  url =		 {https://www.youtube.com/watch?v=zbyGhOXVSqE},
  urldate =	 {26-VII-2024},
  note =	 {Podróż bez Paszportu},
}



@online{ Gwiazda-Kita-Marine-Le-Pen-nadzieja-prawicy-czy-ETC-Ver-2024,
  author =	 {Adam Gwiazda and Kacper Kita},
  title =	 {Marine Le~Pen~-- nadzieja prawicy czy~zdrajczyni?
                  Czy~naprawdę zmieniłaby Francję?},
  year =	 2024,
  url =		 {https://www.youtube.com/watch?v=KooVX5tdupo},
  urldate =	 {28-VII-2024},
  note =	 {Nowy Ład},
}










@Comment #############################################################
@Comment Freemasony
@Comment #############################################################










@Comment #############################################################
@Comment General discussions
@Comment #############################################################


@online{ Acton-Institute-Is-It-Safer-to-Offend-Christians-ETC-Ver-2024,
  author =	 {Acton Institue},
  title =	 {Is It Safer to Offend Christians than 'Childless Cat
                  Ladies'?},
  year =	 2024,
  url =		 {https://www.youtube.com/watch?v=DZlIpEWIQF8},
  urldate =	 {31-VII-2024},
}



@online{ Biskup-Kita-Ordynacje-przeciw-prawicy-ETC-Ver-2024,
  author =	 {Przemysław Biskup and Kacper Kita},
  title =	 {Ordynacje przeciw prawicy? Systemy poliyczne
                  załamują~się?},
  year =	 2024,
  url =		 {https://www.youtube.com/watch?v=VjkVQvDzF-M},
  urldate =	 {24-VII-2024},
  note =	 {Nowy Ład},
}



@online{ Ferguson-Crisis-Conflict-And-The-New-Axis-of-Evil-Ver-2024,
  author =	 {Niall Ferguson},
  title =	 {Crisis, Confilt And The~New Axis~of Evil},
  year =	 2024,
  url =		 {https://www.youtube.com/watch?v=a4t_4S1h4Z},
  urldate =	 {03-VIII-2024},
  note =	 {Intelligence Squared},
}



@online{ Ferguson-Robinson-The-Treason-of-the-Intellectuals-Ver-2024,
  author =	 {Niall Ferguson and Peter Robinson},
  title =	 {The~Treson~of the~Intellectuals},
  year =	 2024,
  url =		 {https://www.youtube.com/watch?v=LpMQSVp7NTg},
  urldate =	 {24-VII-2024},
  note =	 {Uncommon Knowledge, Hoover Insituation},
}



@online{ Grzeszczuk-Kieruzal-Boeing-w-coraz-wiekszym-ETC-Ver-2024,
  author =	 {Mateusz Grzeszczuk and Mateusz Kieruzal},
  title =	 {Boeing w~coraz większym kryzysie?},
  year =	 2024,
  url =		 {https://www.youtube.com/watch?v=a4XOCm6uYOU},
  urldate =	 {30-VII-2024},
  note =	 {Podróż bez Paszportu},
}










@Comment ##############################################################
@Comment Germany
@Comment ##############################################################


@online{ Dolesniak-Harczuk-Niemcy-boja-sie-wygranej-Trumpa-Ver-2024,
  author =	 {Olga Doleśniak-Harczuk and Otwarta Konserwa},
  title =	 {Niemcy boją~się wygranej Trumpa},
  year =	 2024,
  url =		 {https://www.youtube.com/watch?v=YqGWf27qq-k},
  urldate =	 {26-VII-2024},
  note =	 {Otwarta Konserwa | Świat w~Konserwie},
}



@online{ Kita-Rybinska-Aleksandra-Rybinska-komentruje-wybory-ETC-Ver-2024,
  author =	 {Kacper Kita and Aleksandra Rybińska},
  title =	 {Aleksandra Rybińska komentuje wybory do~PE
                  w~Niemczech: Chadecy wygrywają, SPD~przegrywa z~AfD},
  year =	 2024,
  url =		 {https://www.youtube.com/watch?v=4lSG5Umd0i4},
  urldate =	 {30-VII-2024},
  note =	 {Nowy Ład},
}









@Comment ##############################################################
@Comment Iran
@Comment ##############################################################


@online{ Janke-Krzyzanowski-O-historii-Iranu-genezie-ETC-Ver-2024,
  author =	 {Igor Janke and Marcin Krzyżanowski},
  title =	 {O~historii Iranu, genezie konfliktu z~Izraelem,
                  rewolucji islamskiej w~1979~r.},
  year =	 2024,
  url =		 {https://www.youtube.com/watch?v=h8wG7LftHRA},
  urldate =	 {03-VIII-2024},
  note =	 {Układ Otwary~-- Igor Janke},
}



@online{ Janke-Rakowski-Wypadek-czy-ingerencja-panstw-ETC-Ver-2024,
  author =	 {Igor Janke and Paweł Rakowski},
  title =	 {Wypadek czy ingerencja państw trzecich? Koleny
                  wstrząs na~Bliskim Wschodzie},
  year =	 2024,
  url =		 {https://www.youtube.com/watch?v=h8wG7LftHRA},
  urldate =	 {10-VIII-2024},
  note =	 {Układ Otwary~-- Igor Janke},
}



@online{ Krzyzanowski-Kubasiewicz-Iranska-gospodarka-slabnie-ETC-Ver-2024,
  author =	 {Marcin Krzyżanowski and Mateusz Kubasiewicz},
  title =	 {Irańska gospodarka słabnie i~nie zanosi~się,
                  że~będzie lepiej},
  year =	 2024,
  url =		 {https://www.youtube.com/watch?v=iqvyg2rnpaA},
  urldate =	 {26-VII-2024},
  note =	 {Podróż bez Paszportu},
}



@online{ Krzyzanowski-Kubasiewicz-Iranska-gospodarka-slabnie-ETC-Ver-2024,
  author =	 {Marcin Krzyżanowski and Mateusz Kubasiewicz},
  title =	 {Irańska gospodarka słabnie i~nie zanosi~się,
                  że~będzie lepiej},
  year =	 2024,
  url =		 {https://www.youtube.com/watch?v=iqvyg2rnpaA},
  urldate =	 {26-VII-2024},
  note =	 {Podróż bez Paszportu},
}



@online{ Krzyzanowski-Nowak-Os-Moskwa-Teheran-ETC-Ver-2023,
  author =	 {Marcin Krzyżanowski and Michał Nowak},
  title =	 {Oś Moskwa-Teheran? Irańska postawa wobec wojny
                  rosyjsko-ukraińskiej},
  year =	 2023,
  url =		 {https://www.youtube.com/watch?v=W165XhS9liA},
  urldate =	 {02-VIII-2024},
  note =	 {Nowy Ład},
}



@online{ Krzyzanowski-Stefan-Iran-wobec-konfliktu-Izraela-ETC-Ver-2023,
  author =	 {Marcin Krzyżanowski and Marek Stefan},
  title =	 {Iran wobec konfliktu Izraela z~Hamasem},
  year =	 2023,
  url =		 {https://www.youtube.com/watch?v=AHCTiVXVjdI},
  urldate =	 {03-VIII-2024},
  note =	 {Układ Sił},
}










@Comment ##############################################################
@Comment Italy state created in 1870s
@Comment ##############################################################


@online{ Metatron-Is-the-Italian-Scene-in-ETC-Ver-2022,
  author =	 {Metatron},
  title =	 {Is the~Italian Scene is The Irishman Authentic? Real
                  Sicilian Reacts},
  year =	 2022,
  url =		 {https://www.youtube.com/watch?v=Ny7yl_D67ZM},
  urldate =	 {15-VIII-2024},
}










@Comment ##############################################################
@Comment Japan
@Comment ##############################################################


@online{ Aiko-i-Emil-Lalka-po-japonsku-Japonia-vlog-21-Ver-2017,
  author =	 {Aiko i~Emil},
  title =	 {„Lalka” po japońsku. Japonia vlog #21},
  year =	 2017,
  url =		 {https://www.youtube.com/watch?v=Y8uPr1T36Os},
  urldate =	 {27-VII-2024},
}



@online{ NihonJohn-Why-Japanese-Companies-Hate-Gen-Z-Ver-2024,
  author =	 {NihonJohn},
  title =	 {Why Japanese Companies Hate Gen~Z},
  year =	 2024,
  url =		 {https://www.youtube.com/watch?v=OQs4NERVZxc},
  urldate =	 {14-VIII-2024},
}










@Comment ###############################
@Comment Japan and Poland
@Comment ###############################










@Comment ##############################################################
@Comment Jews and Poland
@Comment ##############################################################


@online{ Rubenfeld-My-struggle-with-Poland-Ver-2024,
  author =	 {Michael Rubenfeld},
  title =	 {My~struggle with Poland},
  year =	 2024,
  url =		 {https://www.youtube.com/watch?v=ZWG-6bLHqD0},
  urldate =	 {11-VIII-2024},
}











@Comment ##############################################################
@Comment Kazakhstan
@Comment ##############################################################










@Comment ##############################################################
@Comment
@Comment ##############################################################



@Comment #############################################################
@Comment Kingdom of the Netherlands
@Comment #############################################################


@online{ Grzeszczuk-Kulpok-Dlaczego-zginal-amsterdamski-ETC-Ver-2024,
  author =	 {Mateusz Grzeszczuk and Patryk Kulpok},
  title =	 {Dlaczego zginął amsterdamski raper Bigidagoe},
  year =	 2024,
  url =		 {https://www.youtube.com/watch?v=DVGHampqtm4},
  urldate =	 {11-VIII-2024},
  note =	 {Podróż bez Paszportu},
}










@Comment ##############################################################
@Comment Middle East
@Comment ##############################################################


@online{ Grzeszczuk-Gajda-Iran-Izrael-ETC-Ver-2024,
  author =	 {Mateusz Grzeszczuk and Jakub Gajda},
  title =	 {Iran~-- Izrael | Live o~sytuacji na Bliskim
                  Wschodzie},
  year =	 2024,
  url =		 {https://www.youtube.com/watch?v=SqHJP3UpuFI},
  urldate =	 {25-VII-2024},
  note =	 {Podróż bez Paszportu},
}



@online{ Grzeszczuk-Rakowski-Iran-zaatakował-Izrael-ETC-Ver-2024,
  author =	 {Mateusz Grzeszczuk and Paweł Rakowski},
  title =	 {Iran zaatakował Izrael | Nocny live},
  year =	 2024,
  url =		 {https://www.youtube.com/watch?v=DBIh4lztnvY},
  urldate =	 {01-VIII-2024},
  note =	 {Podróż bez Paszportu},
}



@online{ Grzeszczuk-Rakowski-Izrael-dokonal-zamachu-ETC-Ver-2024,
  author =	 {Mateusz Grzeszczuk and Paweł Rakowski},
  title =	 {Izrael dokonał zamachu na~lidera Hamasu! Co~zrobi
                  Iran? Upokorzenie Teheranu},
  year =	 2024,
  url =		 {https://www.youtube.com/watch?v=ce1jlApCbzY},
  urldate =	 {31-VII-2024},
  note =	 {Podróż bez Paszportu},
}



@online{ Krzyzanowski-Nowak-Kryzys-na-linii-Iran-Azerbejdzan-ETC-Ver-2021,
  author =	 {Marcin Krzyżanowski and Michał Nowak},
  title =	 {Kryzys na~linii Iran-Azerbejdżan z~Izraelem w~tle},
  year =	 2021,
  url =		 {https://www.youtube.com/watch?v=W165XhS9liA},
  urldate =	 {02-VIII-2024},
  note =	 {Nowy Ład},
}



@online{ OSW-Beczka-prochu-Rosnie-napiecie-na-linii-ETC-Ver-2024,
  author =	 {Ośrodek Studiów Wschodnich},
  title =	 {Beczka prochu. Rośnie napięcie na~linii Izrael-Iran.
                  Czy czeka nas wielka wojna w~regionie?},
  year =	 2024,
  url =		 {https://www.youtube.com/watch?v=JfGjXT2q4Z4},
  urldate =	 {02-VIII-2024},
  note =	 {Podcast Ośrodka Studiów Wschodnich},
}



@online{ Podroz-bez-Paszportu-Geneza-konfliktu-ETC-Ver-2022,
  author =	 {Podróż bez Paszportu},
  title =	 {Geneza konfliktu izraelsko-palestyńskiego.
                  Teraźniejszość, przyszłość},
  year =	 2023,
  url =		 {https://www.youtube.com/watch?v=H7YEWzIenIc},
  urldate =	 {09-VIII-2024},
}










@Comment ##############################################################
@Comment Ośrodek Studiów Wschodnich
@Comment ##############################################################


















@Comment ##############################################################
@Comment Podróż bez Paszportu
@Comment ##############################################################


@online{ Banasiewicz-Grzeszczuk-Strach-o-igrzyska-w-Paryzu-ETC-Ver-2024,
  author =	 {Bartłomiej Banasiewicz and Mateusz Grzeszczku},
  title =	 {Strach o igrzyska w Paryżu. Czy będzie bezpiecznie?},
  year =	 2024,
  url =		 {https://www.youtube.com/watch?v=oyr66wKE-Kg},
  urldate =	 {20-VII-2024},
  note =	 {Podróż bez Paszportu},
}



@online{ Grzeszczuk-Michalski-Joe-Biden-wycofuje-sie-ETC-Ver-2024,
  author =	 {Mateusz Grzeszczuk and Rafał Michalski},
  title =	 {Joe Biden wycofuje~się z~wyścigu o~Biały Domu},
  year =	 2024,
  url =		 {https://www.youtube.com/watch?v=vpzb9O0qjO8},
  urldate =	 {21-VII-2024},
  note =	 {Podróż bez Paszportu},
}










@Comment ###############################
@Comment Komentarz w Podróży
@Comment ###################n############


@online{ Komentarz-w-Podrozy-Dlaczego-McDonalds-traci-znak-ETC-Ver-2024,
  author =	 {Komentarz w~Podróży},
  title =	 {Dlaczego McDonald's traci znak towarowy Big Mac?},
  year =	 2024,
  url =		 {https://www.youtube.com/watch?v=3gyw-ScTyJM},
  urldate =	 {26-VII-2024},
  note =	 {Podróż bez Paszportu},
}










@Comment ##############################################################
@Comment Poland
@Comment ##############################################################


@online{ Adamus-Kita-Kryzys-w-koalicji-W-co-gra-PSL-ETC-Ver-2024,
  author =	 {Damian Adamus and Kacper Kita},
  title =	 {Roman Dmowski o~Polakach i~Polsce na tle sądów
                  o~innych narodach},
  year =	 2024,
  url =		 {https://www.youtube.com/watch?v=sc3v7SZEnac},
  urldate =	 {02-VIII-2024},
  note =	 {Nowy Ład},
}



@online{ Grott-Roman-Dmowski-o-Polakach-i-Polsce-ETC-Ver-2020,
  author =	 {Bogumił Grott},
  title =	 {Roman Dmowski o~Polakach i~Polsce na tle sądów
                  o~innych narodach},
  year =	 2020,
  url =
                  {https://nlad.pl/roman-dmowski-o-polakach-i-polsce-na-tle-sadow-o-innych-narodach/},
  urldate =	 {27-VII-2024},
  note =	 {Nowy Ład},
}



@online{ Rymkiewicz-Pani-Barbara-Nowacka-nie-ma-prawa-ETC-Ver-2020,
  author =	 {Wawrzyniec Rymkiewicz},
  title =	 {Pani Barbara Nowacka nie ma prawa obrażać pisarzy.
                  Wprowadza obyczaje sowieckie},
  year =	 2024,
  url =		 {https://www.youtube.com/watch?v=LM1Gy50Xr5g},
  urldate =	 {27-VII-2024},
  note =	 {Radio WNET},
}










@Comment ##############################################################
@Comment Poland and United States of America
@Comment ##############################################################


@online{ Dave-z-Ameryki-Policja-USA-vs-Polska-Ver-2020,
  author =	 {Dave z~Ameryki},
  title =	 {Policja: USA vs.~Polska},
  year =	 2020,
  url =		 {https://www.youtube.com/watch?v=1VNwVlgPlqg},
  urldate =	 {11-VIII-2024},
}










@Comment ##############################################################
@Comment Republic of South Africa
@Comment ##############################################################


















@Comment #############################################################
@Comment South Korea
@Comment #############################################################


@online{ Pyra-w-Korei-Koreanska-matura-suneung-ETC-Ver-2022,
  author =	 {Pyra w Korei},
  title =	 {Koreańska matura suneung~-- czy naprawdę jest taka
                  trunda?},
  year =	 2022,
  url =		 {https://www.youtube.com/watch?v=lM7BD2um-CE},
  urldate =	 {15-VIII-2024},
}



@online{ Pyra-w-Korei-Kto-zawinil-ETC-Ver-2021,
  author =	 {Pyra w Korei},
  title =	 {Kto zwinił? Sprawa zawalenia~się galerii handlowej
                  w~Korei},
  year =	 2021,
  url =		 {https://www.youtube.com/watch?v=npOVXjUSGaw},
  urldate =	 {03-VIII-2024},
  note =	 {Ciemna Strona Korei},
}



@online{ Pyra-w-Korei-Uciekał-907-dni-ETC-Ver-2023,
  author =	 {Pyra w Korei},
  title =	 {Uciekał 907 dni. Sin Changwon, najsłynniejszy zbieg
                  Korei Południowej},
  year =	 2023,
  url =		 {https://www.youtube.com/watch?v=2GF9fEwrinc},
  urldate =	 {24-VII-2024},
  note =	 {Ciemna Strona Korei},
}










@Comment ##############################################################
@Comment United Kingdom
@Comment ##############################################################


@online{ Biskup-Kita-Tryumf-Faragea-i-lewicy-koniec-Torysow-Ver-2024,
  author =	 {Przemysław Biskup and Kacper Kita},
  title =	 {Tryumf Farage'a i~lewicy~-- koniec Torysów?},
  year =	 2024,
  url =		 {https://www.youtube.com/watch?v=lF4qpDG7EnI},
  urldate =	 {14-VIII-2024},
  note =	 {Nowy Ład},
}



@online{ Goodwin-Leeds-Riots-ETC-Ver-2024,
  author =	 {Matt Goodwin},
  title =	 {Leeds Riots: What REALLY Happened and Why It
                  Matters},
  year =	 2024,
  url =		 {https://www.youtube.com/watch?v=kfpoSwzPQss},
  urldate =	 {24-VII-2024},
}



@online{ Goodwin-The-CRISIS-of-British-Conservatism-Ver-2024,
  author =	 {Matt Goodwin},
  title =	 {The CRISIS~of British Conservatism},
  year =	 2023,
  url =		 {https://www.youtube.com/watch?v=iFqRqNcCeO8},
  urldate =	 {24-VII-2024},
}



@online{ Grzeszczuk-Kot-Antyimgranckie-zamieszki-w-ETC-Ver-2024,
  author =	 {Mateusz Grzeszczuk and Bartłomiej Kot},
  title =	 {Antyimigranckie zamieszki w~Wielkiej Brytanii},
  year =	 2024,
  url =		 {https://www.youtube.com/watch?v=RGQZ7GhoaOk},
  urldate =	 {09-VIII-2024},
  note =	 {Podróż bez Paszportu},
}



@online{ Grzeszczuk-Kot-Brytyjski-rzad-boi-sie-powtorki-ETC-Ver-2024,
  author =	 {Mateusz Grzeszczuk and Bartłomiej Kot},
  title =	 {Brytyjski rząd boi~się powtórki? Zamieszki
                  na~Wyspach},
  year =	 2024,
  url =		 {https://www.youtube.com/watch?v=D7429VXirpE},
  urldate =	 {09-VIII-2024},
  note =	 {Podróż bez Paszportu},
}










@Comment #############################################################
@Comment United States of America
@Comment #############################################################


@online{ Caldwell-Gray-JD-Vance-class-in-America-ETC-Ver-2024,
  author =	 {Christopher Caldwell and Freddy Gray},
  title =	 {JD Vacne, class in~America, and the~future of
                  the~right},
  year =	 2024,
  url =		 {https://www.youtube.com/watch?v=2DNaDQAvK-M},
  urldate =	 {24-VII-2024},
  note =	 {The Spectator},
}



@online{ Grzeszczuk-Michalski-Trump-czy-Harris-Ver-2024,
  author =	 {Mateusz Grzeszczuk and Rafał Michalski},
  title =	 {Trump, czy~Harris?},
  year =	 2024,
  url =		 {https://www.youtube.com/watch?v=BnA_3gVWmx8},
  urldate =	 {30-VII-2024},
  note =	 {Podróż bez Paszportu},
}



@online{ Grzeszczuk-Wieczorek-Taylor-Swift-czyl-190-gospodarka-ETC-Ver-2024,
  author =	 {Mateusz Grzeszczuk and Michał Wieczorek},
  title =	 {Taylor Swift, czyli~190 gospodarka świata},
  year =	 2024,
  url =		 {https://www.youtube.com/watch?v=wvxOrOEgIjk},
  urldate =	 {01-VIII-2024},
  note =	 {Podróż bez Paszportu},
}



@online{ Lurie-Irregular-Beats-The-Surprising-Politics-of-ETC-Ver-2024,
  author =	 {Robert Dean Lurie},
  title =	 {Irregular Beats: The~Surprising Politics~of Kerouac,
                  Burroughs, and Ginsberg},
  year =	 2024,
  url =
                  {https://merionwest.com/2024/04/30/irregular-beats-the-surprising-politics-of-kerouac-burroughs-and-ginsberg/},
  urldate =	 {11-VIII-2024},
  note =	 {Merion West},
}



@online{ Sandfay-Reacts-She-Wants-To-Know-Why-White-People-ETC-Ver-2024,
  author =	 {Sandfay Reacts},
  title =	 {She Wants To Know Why White People Keep Adopting
                  Black Babies | Leave Our Black Babies Alone},
  year =	 2024,
  url =		 {https://www.youtube.com/watch?v=6Mn99armLGs},
  urldate =	 {01-VIII-2024},
}










@Comment ##############################################################
@Comment Venezuela
@Comment ##############################################################


@online{ Grzeszczuk-Surdel-Co-sie-dzieje-w-Wenezueli-ETC-Ver-2024,
  author =	 {Mateusz Grzeszczuk and Tomasz Surdel},
  title =	 {Co~się dzieje w~Wenezueli? Protesty i~obalone
                  pomniki Hugo Cháveza},
  year =	 2024,
  url =		 {https://www.youtube.com/watch?v=ey1iPRXmDDs},
  urldate =	 {04-VIII-2024},
}




























@Comment ###############################
@Comment
@Comment ###############################

















@Comment ###############################
@Comment
@Comment ###############################













@Comment ###############################
@Comment
@Comment ###############################













@Comment ###############################
@Comment
@Comment ###############################












@Comment #############################################################
@Comment
@Comment #############################################################












@Comment #############################################################
@Comment
@Comment #############################################################



@Comment #############################################################
@Comment
@Comment #############################################################












@Comment #############################################################
@Comment
@Comment #############################################################












@Comment #############################################################
@Comment
@Comment #############################################################












@Comment #############################################################
@Comment
@Comment #############################################################












@Comment #############################################################
@Comment
@Comment #############################################################













@Comment #############################################################
@Comment
@Comment #############################################################













@Comment ##############################################################
@Comment
@Comment ##############################################################













@Comment ##############################################################
@Comment
@Comment ##############################################################












@Comment ##############################################################
@Comment
@Comment ##############################################################
