@Comment #############################################################
@Comment #############################################################
@Comment Russia common issues, politics. Netography
@Comment #############################################################
@Comment #############################################################


@online{ Bodziony-Grala-Rosja-Aleksiej-Nawalny-nie-zyje-ETC-Ver-2024,
  author =	 {Jakub Bodziony and Hieronim Grala},
  title =	 {Rosja, Aleksiej Nawalny nie żyje. Czemu Putin
                  go~zabił, czego~się boi?},
  year =	 2024,
  url =		 {https://www.youtube.com/watch?v=GlberHwRsBI},
  urldate =	 {26-VII-2024},
  note =	 {Kultura Liberalna},
}



@online{ Chawrylo-Rosyjska-propagadna-oskarza-o-zamach-ETC-Ver-2024,
  author =	 {Katarzyna Chawryło},
  title =	 {Rosyjska propaganda oskarża o~zamach pod Moskwą.
                  Reakcje w~Rosji na~zamach},
  year =	 2024,
  url =		 {https://www.youtube.com/watch?v=49wiNpD93qE},
  urldate =	 {23-VII-2024},
  note =	 {Ośrodek Studiów Wschodnich}
}



@online{ Galeotii-The-Fall-Rise-and-Fall-of-One-ETC-Ver-2024,
  author =	 {Mark Galeotti},
  title =	 {The~Fall, Rise \& Fall~of One~of the Most Dangerous
                  Warlords in Russia and the World},
  year =	 2024,
  url =		 {https://www.youtube.com/watch?v=KYG-gEvCT4c},
  urldate =	 {11-VIII-2024},
  note =	 {Silicon Curtain},
}



@online{ Galeotii-Triggernometry-What-Everyone-Gets-Wrong-ETC-Ver-2024,
  author =	 {Mark Galeotti and Triggernometry},
  title =	 {What Everyone Gets Wrong About Putin},
  year =	 2024,
  url =		 {https://www.youtube.com/watch?v=8cs26uS4QgU},
  urldate =	 {01-VIII-2024},
  note =	 {Triggernometry},
}



@online{ Grala-IV-rzesza-kremlowskia-ETC-Ver-2024,
  author =	 {Hieronim Grala},
  title =	 {„IV rzesza kremlowska”. Rozmowy pokojowe bez~Rosji.
                  Prof.~Grala: Putni nie przewiduje końca wojna},
  year =	 2024,
  url =		 {https://www.youtube.com/watch?v=CZGTotU0YY4},
  urldate =	 {23-VII-2024},
  note =	 {Wirtualna Polska News},
}



@online{ Grala-Jurasz-Czy-na-Kremlu-technokraci-wracaja-ETC-Ver-2024,
  author =	 {Hieronim Grala and Witold Jurasz},
  title =	 {Czy na Kremlu technokraci wracają do~łask i~władzy},
  year =	 2024,
  url =		 {https://www.youtube.com/watch?v=p8vsojPvjzc},
  urldate =	 {01-VIII-2024},
  note =	 {Onet},
}



@online{ Grala-Sito-Rosja-Putina-2024-Ver-2024,
  author =	 {Hieronim Grala and Paweł Sito},
  title =	 {Rosja Putina~2024},
  year =	 2024,
  url =		 {https://www.youtube.com/watch?v=7mIxkGKtOZE},
  urldate =	 {23-VII-2024},
  note =	 {Reset Obywatelski},
}



@online{ Grala-Zychowicz-Odwieczny-rywal-Rosji-ETC-Ver-2023,
  author =	 {Hieronim Grala and Piotr Zychowicz},
  title =	 {Odwieczny rywal Rosji? Polska w~strategii
                  geopolitycznej Putina},
  year =	 2023,
  url =		 {https://www.youtube.com/watch?v=RL0MYGl5vlg},
  urldate =	 {27-VII-2024},
  note =	 {Historia Realna},
}



@online{ Chawrylo-Grzeszczuk-Putin-starszy-rozpadem-panstwa-ETC-Ver-2024,
  author =	 {Katarzyna Chawryło and Mateusz Grzeszczuk},
  title =	 {Putn straszy rozpadem państwa. „Zachów i~Ukraina
                  winni zamachu”},
  year =	 2024,
  url =		 {https://www.youtube.com/watch?v=f0e3wH8ajVk},
  urldate =	 {01-VIII-2024},
  note =	 {Podróż bez Paszportu}
}



@online{ Grzeszczku-Korowaj-To-wyglada-na-robote-rosyjskich-ETC-Ver-2024,
  author =	 {Mateusz Grzeszczuk and Maciej Korowaj},
  title =	 {„To~wygląda na~robotę rosyjskich służb”. Atak
                  terrorystyczny pod Moskwą},
  year =	 2024,
  url =		 {https://www.youtube.com/watch?v=LjiGA17IubU},
  urldate =	 {27-VII-2024},
  note =	 {Podróż bez Paszportu},
}



@online{ Grzeszczku-Koziol-Rosja-Ataki-terrorystyczne-ETC-Ver-2024,
  author =	 {Mateusz Grzeszczuk and Aleksandra Koziol},
  title =	 {Rosja: Ataki terrorystyczne w~Dagestanie},
  year =	 2024,
  url =		 {https://www.youtube.com/watch?v=iH730S5_0mI},
  urldate =	 {01-VIII-2024},
  note =	 {Podróż bez Paszportu},
}



@online{ Grzeszczku-Kuczynski-Aleksiej-Nawalny-nie-zyje-ETC-Ver-2024,
  author =	 {Mateusz Grzeszczuk and Grzegorz Kuczyński},
  title =	 {Alekiej Nawalny nie~żyje. Największy wróg Putina},
  year =	 2024,
  url =		 {https://www.youtube.com/watch?v=j0pNnr4mq1k},
  urldate =	 {26-VII-2024},
  note =	 {Podróż bez Paszportu},
}



@online{ Grzeszczku-Marszalkowski-Najwieksza-rafineria-ropy--ETC-Ver-2024,
  author =	 {Mateusz Grzeszczuk and Mariusz Marszałkowski},
  title =	 {Największa rafineria ropy naftowej w~Rosji w~ogniu},
  year =	 2024,
  url =		 {https://www.youtube.com/watch?v=RBbCJRPxjCo},
  urldate =	 {02-VIII-2024},
  note =	 {Podróż bez Paszportu},
}



@online{ Grzeszczku-Meissner-Sinizacja-Rosji-czyli-Moskwa-ETC-Ver-2024,
  author =	 {Mateusz Grzeszczuk and Marek Meissner},
  title =	 {Sinizacja Rosji, czyli Moskwa chce w~stronę Azji},
  year =	 2024,
  url =		 {https://www.youtube.com/watch?v=b16b4mZapD0},
  urldate =	 {01-VIII-2024},
  note =	 {Podróż bez Paszportu},
}



@online{ Grzeszczku-Szabaciuk-Rosyjska-Cerkiew-Prawoslawna-ETC-Ver-2024,
  author =	 {Mateusz Grzeszczuk and Andrzej Szabaciuk},
  title =	 {Rosyjska Cerkiew Prawosłąwna chce Wielkiej Rusi.
                  Polityka nad religią},
  year =	 2024,
  url =		 {https://www.youtube.com/watch?v=7Y2_opcGrV8},
  urldate =	 {01-VIII-2024},
  note =	 {Podróż bez Paszportu},
}



@online{ Janke-Jurasz-Putin-jest-jak-Rosja-ETC-Ver-2022,
  author =	 {Igor Janke and Witold Jurasz},
  title =	 {Putin jest jak Rosja. On nie jest wytworem KGB, jest
                  z~petersburskiego podwórka},
  year =	 2022,
  url =		 {https://www.youtube.com/watch?v=UYPsa5hm8Vw},
  urldate =	 {01-VIII-2024},
  note =	 {Układ otwarte~-- Igor Janke},
}



@online{ Kurbacz-Redlich-Lachowski-Putin-najwiekczy-morderca-ETC-Ver-2024,
  author =	 {Krystyna Kurbacz-Redlich and Mateusz Lachowski},
  title =	 {Putin~-- największy morderca XXI~wieku. Jak zabija
                  dyktator?},
  year =	 2024,
  url =		 {https://www.youtube.com/watch?v=pV2CajSEUBo},
  urldate =	 {27-VII-2024},
  note =	 {Mateusz Lachowski~-- Korespondent~PL},
}



@online{ Meissner-Rosyjska-mafia-i-jej-powiazania-z-Kremlem-Ver-2024,
  author =	 {Marek Meissner},
  title =	 {Rosyjska mafia i~jej powiązania z~Kremlem},
  year =	 2024,
  url =		 {https://www.youtube.com/watch?v=HDcPIekuzbo},
  urldate =	 {27-VII-2024},
  note =	 {Kremlinka Show},
}



@online{ Menkiszak-Zamach-w-Rosji-Putin-zabral-glos-ETC-Ver-2024,
  author =	 {Marek Menkiszak},
  title =	 {Zamach w~Rosji. Putin zabrał głos. Podsumowanie
                  aktualnych informacji},
  year =	 2024,
  url =		 {https://www.youtube.com/watch?v=2GF9fEwrinc},
  urldate =	 {24-VII-2024},
  note =	 {Ośrodek Studiów Wschodnich},
}



@online{ Przepreski-Grala-Dokad-siega-Rosja-ETC-Ver-2024,
  author =	 {Michał Przeperski and Hieronim Grala},
  title =	 {Dokąd sięga Rosja? Historia według Władimira Putina},
  year =	 2024,
  url =		 {https://www.youtube.com/watch?v=GtuE_QwzVy8},
  urldate =	 {09-VIII-2024},
  note =	 {Muzeum Historii Polski w~Warszawie},
}
