@Comment ##############################################################
@Comment ##############################################################
@Comment Russian-Ukraine war, netography
@Comment ##############################################################
@Comment ##############################################################



@online{ Wirtualna-Polska-News-Rosjanie-w-szoku-ETC-Ver-2024,
  author =	 {Wirtualna Polska News},
  title =	 {Rosjanie w~szoku. Putin zarządza masową ewakuację
                  Kurska. Maja Wolny: Nie mieści im~się to w~głowie},
  year =	 2024,
  url =		 {https://www.youtube.com/watch?v=6p7klG7sGj4},
  urldate =	 {12-VIII-2024},
}










@Comment ##############################################################
@Comment Nowy Ład
@Comment ##############################################################


@online{ Krzyzanowski-Nowak-Iran-a-inwazja-na-Ukrainie-ETC-Ver-2022,
  author =	 {Marcin Krzyżanowski and Michał Nowak},
  title =	 {Iran a~inwazja na~Ukrainie. Czy wojna to szansa
                  na~powrót do~umowy nuklearnej?},
  url =		 {2022},
  urldate =	 {14-VIII-2024},
  note =	 {Nowy Ład},
}



@online{ -Paryzu-ETC-Ver-2024,
  author =	 {Mateusz Grzeszczuk and Marek Meissner},
  title =	 {Rosjanie mają kłopoty, to widać na froncie},
  url =		 {https://www.youtube.com/watch?v=NE-42Y_et-I},
  urldate =	 {21-VII-2024},
  note =	 {Podróż bez Paszportu},
}



@online{ -Joe-Biden-wycofuje-sie-ETC-Ver-2024,
  author =	 {Mateusz Grzeszczuk and Rafał Michalski},
  title =	 {Joe Biden wycofuje~się z~wyścigu o~Biały Domu},
  url =		 {https://www.youtube.com/watch?v=vpzb9O0qjO8},
  urldate =	 {21-VII-2024},
  note =	 {Podróż bez Paszportu},
}










@Comment ##############################################################
@Comment Ośrodek Studiów Wschodnich
@Comment ##############################################################


@online{ OSW-Rosjanie-o-ataku-Ukrainy-Reakcja-spoleczenstwa-Ver-2024,
  author =	 {Ośrodek Studiów Wschodnich},
  title =	 {Rosjanie o~ataku Ukrainy. Reakcja społeczeństwa},
  year =	 2024,
  url =		 {https://www.youtube.com/watch?v=kOBnKpw9WbE},
  urldate =	 {13-VIII-2024},
}



@online{ OSW-Ukraincy-weszli-do-Rosji-ETC-Ver-2024,
  author =	 {Ośrodek Studiów Wschodnich},
  title =	 {Ukraińcy weszli do~Rosji. Putin zwołuje Radę
                  Bezpieczeństwa. Nowy odcinek frontu?},
  year =	 2024,
  url =		 {https://www.youtube.com/watch?v=-GIiB8gTvFo},
  urldate =	 {09-VIII-2024},
}










@Comment ###############################
@Comment Russian propaganda
@Comment ###############################


@online{ OSW-Propaganda-w-poplochu-Rosyjskie-media-o-ataku-ETC-Ver-2024,
  author =	 {Ośrodek Studiów Wschodnich},
  title =	 {Propaganda w~popłochu. Rosyjskie media o~ataku
                  Ukrainy},
  year =	 2024,
  url =		 {https://www.youtube.com/watch?v=V0MFX5RwzoM},
  urldate =	 {09-VIII-2024},
}










@Comment ##############################################################
@Comment Podróż bez Paszporku
@Comment ##############################################################


@online{ Grzeszczuk-Meissner-Rosjanie-maja-klopoty-ETC-Ver-2024,
  author =	 {Mateusz Grzeszczuk and Marek Meissner},
  title =	 {Rosjanie mają kłopoty, to widać na froncie},
  year =	 2024,
  url =		 {https://www.youtube.com/watch?v=NE-42Y_et-I},
  urldate =	 {21-VII-2024},
  note =	 {Podróż bez Paszportu},
}



@online{ Grzeszczuk-Kozubel-Ukraina-kontynuuje-ataki-ETC-Ver-2024,
  author =	 {Mateusz Grzeszczuk and Marek Kozubel},
  title =	 {Ukraina kontynuje ataki w~obwodzie kurskim, budowa
                  okopów},
  year =	 2024,
  url =		 {https://www.youtube.com/watch?v=qjRSF-nurAY},
  urldate =	 {12-VIII-2024},
  note =	 {Podróż bez Paszportu},
}



@online{ Grzeszczuk-Kozubel-Operacja-Kurska-trwa-ETC-Ver-2024,
  author =	 {Mateusz Grzeszczuk and Marek Kozubel},
  title =	 {Operacje Kurska trwa! Jakie tereny zajmuje Ukraina?
                  Problemy rosyjskiego lotnictwa},
  year =	 2024,
  url =		 {https://www.youtube.com/watch?v=rHs_pkRGnOg},
  urldate =	 {14-VIII-2024},
  note =	 {Podróż bez Paszportu},
}

















@Comment ##############################################################
@Comment Ośrodek Studiów Wschodnich
@Comment ##############################################################





























@Comment #############################################################
@Comment Russia
@Comment #############################################################


@online{ -propagadna-oskarza-o-zamach-ETC-Ver-2024,
  author =	 {Katarzyna Chawryło},
  title =	 {Rosyjska propaganda oskarża o~zamach pod Moskwą.
                  Reakcje w~Rosji na~zamach},
  url =		 {https://www.youtube.com/watch?v=49wiNpD93qE},
  urldate =	 {23-VII-2024},
  note =	 {Ośrodek Studiów Wschodnich}
}



@online{ -rzesza-kremlowskia-ETC-Ver-2024,
  author =	 {Hieronim Grala},
  title =	 {„IV rzesza kremlowska”. Rozmowy pokojowe bez~Rosji.
                  Prof.~Grala: Putni nie przewiduje końca wojna},
  url =		 {https://www.youtube.com/watch?v=CZGTotU0YY4},
  urldate =	 {23-VII-2024},
  note =	 {Wirtualna Polska News},
}



@online{ -w-Rosji-Putin-zabral-glos-ETC-Ver-2024,
  author =	 {Marek Menkiszak},
  title =	 {Zamach w~Rosji. Putin zabrał głos. Podsumowanie
                  aktualnych informacji},
  url =		 {https://www.youtube.com/watch?v=2GF9fEwrinc},
  urldate =	 {24-VII-2024},
  note =	 {Ośrodek Studiów Wschodnich},
}










@Comment ##############################################################
@Comment United Kingdom
@Comment ##############################################################


@online{ -CRISIS-of-british-conservatism-Ver-2024,
  author =	 {Matt Goodwin},
  title =	 {The CRISIS~of british conservatism},
  url =		 {https://www.youtube.com/watch?v=iFqRqNcCeO8},
  urldate =	 {24-VII-2024},
}










@Comment #############################################################
@Comment
@Comment #############################################################











@Comment #############################################################
@Comment
@Comment #############################################################













@Comment ##############################################################
@Comment
@Comment ##############################################################













@Comment #############################################################
@Comment
@Comment #############################################################































@Comment ###############################
@Comment
@Comment ###############################













@Comment ###############################
@Comment
@Comment ###############################













@Comment ###############################
@Comment
@Comment ###############################












@Comment #############################################################
@Comment
@Comment #############################################################












@Comment #############################################################
@Comment
@Comment #############################################################



@Comment #############################################################
@Comment
@Comment #############################################################












@Comment #############################################################
@Comment
@Comment #############################################################












@Comment #############################################################
@Comment
@Comment #############################################################












@Comment #############################################################
@Comment
@Comment #############################################################












@Comment #############################################################
@Comment
@Comment #############################################################













@Comment #############################################################
@Comment
@Comment #############################################################













@Comment ##############################################################
@Comment
@Comment ##############################################################













@Comment ##############################################################
@Comment
@Comment ##############################################################












@Comment ##############################################################
@Comment
@Comment ##############################################################
