@Comment #############################################################
@Comment #############################################################
MATEMATYKA -- ARTYKUŁY
@Comment #############################################################
@Comment #############################################################


@Comment #############################################################
MATEMATYKA
@Comment #############################################################


@article{ Harrsion1993,
  author =	 {{Harrison, J.}},
  title =	 {{Stokes' theorem for nonsmoot chains}},
  year =	 {{1993}},
  journal =	 "Bull. Amer. Math. Soc. (N. S.)",
  volume =	 29,
  pages =	 "235-242",
  archivePrefix ="arXiv:math",
  eprint =	 "9310231v1",
  primaryClass = "math.DG"
}

@article{ MarquesNevesN2012,
  author =	 "F. C. Marques, A. Neves",
  title =	 {{Min-Max theory and the Willmore conjecture}},
  year =	 {{2012}},
  journal =	 {{}},
  archivePrefix ="arXiv",
  eprint =	 "1202.6036v2",
  primaryClass = "math-DG",
}




@Comment ###############################
GEOMETRIA NIEPRZEMIENNA -- ARTYKUŁY
@Comment ###############################


@article{ ConnesShortSurveyOfNCG2000,
  author =	 "Alain Connes",
  title =	 {{A~Short Survey~of Noncommutative Geometry}},
  year =	 {{2000}},
  journal =	 "J. Math. Phys.",
  volume =	 41,
  pages =	 3832-3866,
  archivePrefix ="arXiv",
  eprint =	 "0003006v1",
  primaryClass = "hep-th",
}
                  
                  
                  
                  

@Comment ###############################
HISTORIA I FILOZOFIA MATEMATYKI
@Comment ###############################
