@Comment ##############################################################
@Comment ##############################################################
@Comment Politics, politology, common issues, online resources
@Comment ##############################################################
@Comment ##############################################################



@Comment ##############################################################
@Comment France
@Comment ##############################################################


@online{ Gielzak-Janke-Kim-jest-Melenchone-i-Niepokorni-ETC-Ver-2024,
  author =	 {Marcin Giełzak and Igor Janke},
  title =	 {Kim jest Melenchone i~Niepokorni. Jaka może być
                  Francja współrządzona przez lewicę?},
  url =		 {https://www.youtube.com/watch?v=KooVX5tdupo},
  urldate =	 {20-VII-2024},
  note =	 {Układ otwarty~-- Igor Janke},
}










@Comment ##############################################################
@Comment Ośrodek Studiów Wschodnich
@Comment ##############################################################


@online{ OSW-Bialorus-2024-Stan-panstwa-Ver-2024,
  author =	 {Ośrodek Studiów Wschodnich},
  title =	 {Białoruś~2024. Stan państwa},
  url =		 {https://www.youtube.com/watch?v=zfXyH_3a3ko},
  urldate =	 {20-VII-2024},
}










@Comment ##############################################################
@Comment Podróż bez Paszportu
@Comment ##############################################################


@online{ Banasiewicz-Grzeszczuk-Strach-o-igrzyska-w-Paryzu-ETC-Ver-2024,
  author =	 {Bartłomiej Banasiewicz and Mateusz Grzeszczku},
  title =	 {Strach o igrzyska w Paryżu. Czy będzie bezpiecznie?},
  url =		 {https://www.youtube.com/watch?v=oyr66wKE-Kg},
  urldate =	 {20-VII-2024},
  note =	 {Podróż bez Paszportu},
}



@online{ Grzeszczuk-Meissner-Paryzu-ETC-Ver-2024,
  author =	 {Mateusz Grzeszczuk and Marek Meissner},
  title =	 {Rosjanie mają kłopoty, to widać na froncie},
  url =		 {https://www.youtube.com/watch?v=NE-42Y_et-I},
  urldate =	 {21-VII-2024},
  note =	 {Podróż bez Paszportu},
}



@online{ Grzeszczuk-Michalski-Joe-Biden-wycofuje-sie-ETC-Ver-2024,
  author =	 {Mateusz Grzeszczuk and Rafał Michalski},
  title =	 {Joe Biden wycofuje~się z~wyścigu o~Biały Domu},
  url =		 {https://www.youtube.com/watch?v=vpzb9O0qjO8},
  urldate =	 {21-VII-2024},
  note =	 {Podróż bez Paszportu},
}










@Comment #############################################################
@Comment Russia
@Comment #############################################################


@online{ Grala-IV-rzesza-kremlowskia-ETC-Ver-2024,
  author =	 {Hieronim Grala},
  title =	 {„IV rzesza kremlowska”. Rozmowy pokojowe bez~Rosji.
                  Prof.~Grala: Putni nie przewiduje końca wojna},
  url =		 {https://www.youtube.com/watch?v=CZGTotU0YY4},
  urldate =	 {23-VII-2024},
  note =	 {Wirtualna Polska News},
}










@Comment #############################################################
@Comment
@Comment #############################################################











@Comment #############################################################
@Comment Reflections on East Euroasia
@Comment #############################################################













@Comment ##############################################################
@Comment Very simple books about medicine
@Comment ##############################################################













@Comment #############################################################
@Comment
@Comment #############################################################













@Comment ###############################
@Comment
@Comment ###############################

















@Comment ###############################
@Comment Latin language
@Comment ###############################













@Comment ###############################
@Comment
@Comment ###############################













@Comment ###############################
@Comment
@Comment ###############################












@Comment #############################################################
@Comment
@Comment #############################################################












@Comment #############################################################
@Comment
@Comment #############################################################



@Comment #############################################################
@Comment
@Comment #############################################################












@Comment #############################################################
@Comment
@Comment #############################################################












@Comment #############################################################
@Comment
@Comment #############################################################












@Comment #############################################################
@Comment
@Comment #############################################################












@Comment #############################################################
@Comment
@Comment #############################################################













@Comment #############################################################
@Comment
@Comment #############################################################













@Comment ##############################################################
@Comment
@Comment ##############################################################













@Comment ##############################################################
@Comment
@Comment ##############################################################












@Comment ##############################################################
@Comment
@Comment ##############################################################
