@Comment #############################################################
@Comment #############################################################
@Comment Comic books
@Comment #############################################################
@Comment #############################################################


@Comment #############################################################
@Comment Anglo-american comics
@Comment #############################################################


@book{ Azzarello-Risso-100-Naboi-Vol-I-Pub-2018,
  author =	 {Brian Azzarello and Eduardo Risso},
  title =	 {100 naboi. Tom~I},
  publisher =	 {Egmont Polska Sp.~z~o.o.},
  address =	 {Warszawa},
  year =	 2018,
  edition =	 {I},
  series =	 {Klub Świata Komiksu},
  volume =	 1286,
}



@book{ Moore-ONeil-et-al-Liga-niezwyklych-dzentelmenow-Vol-I-Pub-2015,
  author =	 {Alan Moore and Kevin O'Neill and Ben Dimagmaliw and Bill
                  Oakley},
  title =	 {Liga niezwykłych dżentelmenów. Tom~I},
  publisher =	 {Egmont Polska Sp.~z~o.o.},
  address =	 {Warszawa},
  year =	 2015,
  edition =	 {II},
}



@book{ Morrison-et-al-Superman-Vol-I-Pub-2013,
  author =	 {Grant Morrison and Rags Morales and Andy Kubert},
  title =	 {Superman. Tom~1: Superman i~ludzie ze stali},
  publisher =	 {Egmont Polska Sp.~z~o.o.},
  address =	 {Warszawa},
  year =	 2013,
  edition =	 {I},
}



@book{ Sakai-Usagi-yojimbo-Saga-Ksiega-I-Pub-2019,
  author =	 {Stan Sakai},
  title =	 {Usagi yojimbo. Saga. Księga~I},
  publisher =	 {Egmont Polska Sp.~z~o.o.},
  address =	 {Warszawa},
  year =	 2019,
  edition =	 {I},
}



@book{ Vaughan-Staples-Saga-Tom-II-Pub-2021,
  author =	 {Brian K.~Vaguhan and Fiona Staples},
  title =	 {Saga. Tom~II},
  publisher =	 {Mucha Comics},
  address =	 {Warszawa},
  year =	 2021,
  isbn =	 {978-83-61319-51-1},
  edition =	 {Wydanie pierwsze, drugi dodruk},
}



@book{ Vaughan-Staples-Saga-Tom-III-Pub-2021,
  author =	 {Brian K.~Vaguhan and Fiona Staples},
  title =	 {Saga. Tom~III},
  publisher =	 {Mucha Comics},
  address =	 {Warszawa},
  year =	 2015,
  isbn =	 {978-83-61319-59-7},
  edition =	 {Wydanie pierwsze},
}






@Comment ###############################
@Comment Will Einser's comics
@Comment ###############################


@book{ Eisner-Spirit-Najlepsze-opowiesci-Pub-2009,
  author =	 {Will Eisner},
  title =	 {Spirit. Najlepsze opowieści},
  publisher =	 {Egmont Polska},
  address =	 {Warszawa},
  year =	 2009,
  edition =	 {I},
  seriess =	 {Klub Świata Komiksu},
  volume =	 593,
  isbn =	 {978-83-237-2545-9},
  note =	 {Tłum. Jarosław Grzędowicz},
}










@Comment ###############################
@Comment Will Einser's graphical novels
@Comment ###############################


@book{ Eisner-Umowa-z-Bogiem-Pub-2007,
  author =	 {Will Eisner},
  title =	 {Trylogia Umowa z~Bogiem. Życie na~Dropsie Avenue},
  publisher =	 {Egmont Polska},
  address =	 {Warszawa},
  year =	 2007,
  edition =	 {I},
  note =	 {Tłum. Jacek Drewnowski},
}



@book{ Eisner-Nowy-York-Pub-2008,
  author =	 {Will Eisner},
  title =	 {Nowy York. Życie w~wielki mieście},
  publisher =	 {Egmont Polska},
  address =	 {Warszawa},
  year =	 2008,
  edition =	 {I},
}



@book{ Eisner-Zycie-w-obrazkach-Pub-2009,
  author =	 {Will Eisner},
  title =	 {Życie w~obrazkach. Opowieści autobiograficzne},
  publisher =	 {Egmont Polska},
  address =	 {Warszawa},
  year =	 2009,
  edition =	 {I},
}










@Comment #############################################################
@Comment Franco-belgian comics
@Comment #############################################################


@book{ Gorscinny-Morris-Siedem-opowiesci-o-Lucky-Luckeu-Pub-2024,
  author =	 {Ren\'{e} Goscinny and Morris},
  title =	 {Siedem Opowiesci o~Lucky Lucke’u},
  publisher =	 {Story House Egmont sp. z~o.o.},
  address =	 {Warszawa},
  year =	 2024,
  series =	 {Klub Świata Komiksu},
  volume =	 2952,
  note =	 {Przekład z~języka francuskiego: Maria Mosiewicz,
                  Marek Puszczewicz},
}










@Comment #############################################################
@Comment Graphical novels
@Comment #############################################################


@book{ Pratt-Corto-Maltese-Ballada-o-slonym-morzu-Pub-2004,
  author =	 {Hugo Pratt},
  title =	 {Corto Maltese. Ballada o~słonym morzu},
  publisher =	 {Wydawnictwo POST},
  address =	 {Kraków},
  year =	 2004,
  edition =	 {I},
  note =	 {Tłumaczenie z~języka włoskiego: Monika Gurgul.
                  Opracownie graficzne i~liternictwo: Joanna
                  Holeksa-Szłapa},
}










@Comment #############################################################
@Comment Japanes manga
@Comment #############################################################


@book{ Akutami-Jujutsu-Kaisen-Vol-0-Pub-2024,
  author =	 {Gege Akutami},
  title =	 {Jujutsu Kaisen. Tom~0},
  publisher =	 {Waneko},
  address =	 {Warszawa},
  year =	 2023,
  edition =	 {IV},
  isbn =	 {978-83-8096-466-2},
  note =	 {Tłum. Wojciech Gęszczak},
}



@book{ Akutami-Jujutsu-Kaisen-Vol-I-Pub-2024,
  author =	 {Gege Akutami},
  title =	 {Jujutsu Kaisen. Tom~0},
  publisher =	 {Waneko},
  address =	 {Warszawa},
  year =	 2023,
  edition =	 {IV},
  isbn =	 {978-83-8096-468-6},
  note =	 {Tłum. Wojciech Gęszczak},
}



@book{ Akutami-Jujutsu-Kaisen-Vol-II-Pub-2024,
  author =	 {Gege Akutami},
  title =	 {Jujutsu Kaisen. Tom~II},
  publisher =	 {Waneko},
  address =	 {Warszawa},
  year =	 2024,
  edition =	 {IV},
  isbn =	 {978-83-8096-467-9},
  note =	 {Tłum. Wojciech Gęszczak},
}



@book{ Akutami-Jujutsu-Kaisen-Vol-III-Pub-2024,
  author =	 {Gege Akutami},
  title =	 {Jujutsu Kaisen. Tom~III},
  publisher =	 {Waneko},
  address =	 {Warszawa},
  year =	 2024,
  edition =	 {II},
  isbn =	 {978-83-8096-468-6},
  note =	 {Tłum. Wojciech Gęszczak},
}



@book{ Akutami-Jujutsu-Kaisen-Vol-IV-Pub-2024,
  author =	 {Gege Akutami},
  title =	 {Jujutsu Kaisen. Tom~IV},
  publisher =	 {Waneko},
  address =	 {Warszawa},
  year =	 2022,
  edition =	 {II},
  isbn =	 {978-83-8096-470-9},
  note =	 {Tłum. Wojciech Gęszczak},
}



@book{ Arakawa-Silver-Spoon-Vol-I-Pub-2016,
  author =	 {Hiromu Arakawa},
  title =	 {Silver Spoon. Tom~I},
  publisher =	 {Waneko},
  address =	 {Warszawa},
  year =	 2016,
  edition =	 {II},
  isbn =	 {978-8362866-47-2},
  note =	 {Tłum. Janek „Jonas” Świderski, Aleksandra Kulińska},
}



@book{ Arakawa-Silver-Spoon-Vol-II-Pub-2014,
  author =	 {Hiromu Arakawa},
  title =	 {Silver Spoon. Tom~II},
  publisher =	 {Waneko},
  address =	 {Warszawa},
  year =	 2014,
  edition =	 {I},
  isbn =	 {978-83-62866-49-6},
  note =	 {Tłum. Janek „Jonas” Świderski, Aleksandra Kulińska},
}



@book{ Arakawa-Silver-Spoon-Vol-III-Pub-2014,
  author =	 {Hiromu Arakawa},
  title =	 {Silver Spoon. Tom~III},
  publisher =	 {Waneko},
  address =	 {Warszawa},
  year =	 2014,
  edition =	 {I},
  isbn =	 {978-83-62866-50-2},
  note =	 {Tłum. Janek „Jonas” Świderski, Aleksandra Kulińska},
}



@book{ Arakawa-Silver-Spoon-Vol-IV-Pub-2014,
  author =	 {Hiromu Arakawa},
  title =	 {Silver Spoon. Tom~IV},
  publisher =	 {Waneko},
  address =	 {Warszawa},
  year =	 2014,
  edition =	 {I},
  isbn =	 {978-83-62866-51-9},
  note =	 {Tłum. Janek „Jonas” Świderski, Aleksandra Kulińska},
}



@book{ Arakawa-Silver-Spoon-Vol-V-Pub-2014,
  author =	 {Hiromu Arakawa},
  title =	 {Silver Spoon. Tom~V},
  publisher =	 {Waneko},
  address =	 {Warszawa},
  year =	 2014,
  edition =	 {I},
  isbn =	 {978-83-62866-52-6},
  note =	 {Tłum. Janek „Jonas” Świderski, Aleksandra Kulińska},
}



@book{ Masamune-The-Ghost-in-the-Shell-Vol-I,
  author =	 {Shirow Masamune},
  title =	 {The~Ghost in the-Shell. Tom~I},
  publisher =	 {J.P. Fantastica},
  note =	 {Tłum. Rafał „Kabura” Rzepka},
}



@book{ Urasawa-Chlopaki-z-dwudziestego-wieku-Vol-I,
  author =	 {Naoki Urasawa},
  title =	 {Chłopaki z~dwudziestego wieku. Tom~I},
  publisher =	 {Hanami},
  edition =	 {II},
  note =	 {Tłum. Radosław Bolałek},
}



@book{ Urasawa-Chlopaki-z-dwudziestego-wieku-Vol-II,
  author =	 {Naoki Urasawa},
  title =	 {Chłopaki z~dwudziestego wieku. Tom~II},
  publisher =	 {Hanami},
  edition =	 {II},
  note =	 {Tłum. Radosław Bolałek},
}



@book{ Urasawa-Chlopaki-z-dwudziestego-wieku-Vol-III,
  author =	 {Naoki Urasawa},
  title =	 {Chłopaki z~dwudziestego wieku. Tom~III},
  publisher =	 {Hanami},
  edition =	 {I},
  note =	 {Tłum. Radosław Bolałek},
}



@book{ Urasawa-Chlopaki-z-dwudziestego-wieku-Vol-IV,
  author =	 {Naoki Urasawa},
  title =	 {Chłopaki z~dwudziestego wieku. Tom~IV},
  publisher =	 {Hanami},
  edition =	 {I},
  note =	 {Współpraca przy scenariuszu: Tadashii Nagasaki.
                  Tłum. Radosław Bolałek},
}



@book{ Urasawa-Chlopaki-z-dwudziestego-wieku-Vol-V,
  author =	 {Naoki Urasawa},
  title =	 {Chłopaki z~dwudziestego wieku. Tom~V},
  publisher =	 {Hanami},
  edition =	 {I},
  note =	 {Współpraca przy scenariuszu: Tadashii Nagasaki.
                  Tłum. Radosław Bolałek},
}



@book{ Urasawa-Chlopaki-z-dwudziestego-wieku-Vol-VI,
  author =	 {Naoki Urasawa},
  title =	 {Chłopaki z~dwudziestego wieku. Tom~VI},
  publisher =	 {Hanami},
  edition =	 {I},
  note =	 {Współpraca przy scenariuszu: Tadashii Nagasaki.
                  Tłum. Radosław Bolałek},
}



@book{ Urasawa-Chlopaki-z-dwudziestego-wieku-Vol-VII,
  author =	 {Naoki Urasawa},
  title =	 {Chłopaki z~dwudziestego wieku. Tom~VII},
  publisher =	 {Hanami},
  edition =	 {I},
  note =	 {Współpraca przy scenariuszu: Tadashii Nagasaki.
                  Tłum. Radosław Bolałek},
}



@book{ Urasawa-Chlopaki-z-dwudziestego-wieku-Vol-VIII,
  author =	 {Naoki Urasawa},
  title =	 {Chłopaki z~dwudziestego wieku. Tom~VIII},
  publisher =	 {Hanami},
  edition =	 {I},
  note =	 {Współpraca przy scenariuszu: Tadashii Nagasaki.
                  Tłum. Radosław Bolałek},
}



@book{ Urasawa-Chlopaki-z-dwudziestego-wieku-Vol-IX,
  author =	 {Naoki Urasawa},
  title =	 {Chłopaki z~dwudziestego wieku. Tom~IX},
  publisher =	 {Hanami},
  edition =	 {I},
  isbn =	 {978-83-65520-81-4},
  note =	 {Współpraca przy scenariuszu: Tadashii Nagasaki.
                  Tłum. Radosław Bolałek},
}



@book{ Urasawa-Chlopaki-z-dwudziestego-wieku-Vol-X,
  author =	 {Naoki Urasawa},
  title =	 {Chłopaki z~dwudziestego wieku. Tom~X},
  publisher =	 {Hanami},
  edition =	 {I},
  isbn =	 {978-83-67799-18-8},
  note =	 {Współpraca przy scenariuszu: Tadashii Nagasaki.
                  Tłum. Radosław Bolałek},
}



@book{ Nightow-Trigun-Pub-2019,
  author =	 {Yasuhiro Nightow},
  title =	 {Trigun},
  publisher =	 {Studio JG},
  address =	 {Warszawa},
  year =	 2019,
  edition =	 {I},
  note =	 {Tłum. Dariusz Latoś},
}



@book{ Taniguchi-Kusumi-Samotny-Smakosz-Pub-2014,
  author =	 {Jiro Taniguchi and Masayuki Kusumi},
  title =	 {Samotny smakosz},
  publisher =	 {Hanami},
  address =	 {Warszawa},
  year =	 2014,
  edition =	 {I},
  note =	 {Tłum. Radosław Bolałek},
}










@Comment #############################################################
@Comment Polish comics
@Comment #############################################################


@book{ Sledzinski-Na-szybko-spisane-Od-1980-do-1990-Pub-2007,
  author =	 {Michał „Śledziu” Śledziński},
  title =	 {Na szybko spisane. 1980--1990},
  publisher =	 {kultura gniewu},
  address =	 {Warszawa},
  year =	 2007,
  edition =	 {I},
}










@Comment ###############################
@Comment Tytus, Romek i A'Tomek comics
@Comment ###############################


@book{ Chmielewski-Tytus-Romek-i-ATomek-Ksiega-IV,
  author =	 {Henryk Jerzy Chmielewski},
  title =	 {Tytus Romek i~A'Tomek. Księga IV},
  publisher =	 {Prószyński Media Sp. z~o.o.},
  address =	 {Warszawa},
  note =	 {Przygotowano do druku na podstawie oryginalnych
                  wydań},
}



@book{ Chmielewski-Tytus-Romek-i-ATomek-Ksiega-VI-Pub-1996,
  author =	 {Henryk Jerzy Chmielewski},
  title =	 {Tytus Romek i~A'Tomek. Księga VI},
  publisher =	 {Prószyński i~S-ka},
  address =	 {Warszawa},
  year =	 1996,
  edition =	 {IV},
}



@book{ Chmielewski-Tytus-Romek-i-ATomek-Ksiega-XI-Pub-2000,
  author =	 {Henryk Jerzy Chmielewski},
  title =	 {Tytus Romek i~A'Tomek. Księga~XI: Tytus ratuje
                  zabytki},
  publisher =	 {Prószyński i~S-ka},
  address =	 {Warszawa},
  year =	 2000,
  edition =	 {IV},
  isbn =	 {83-7255-421-8},
}



@book{ Chmielewski-Tytus-Romek-i-ATomek-Ksiega-XII-Pub-1989,
  author =	 {Henryk Jerzy Chmielewski},
  title =	 {Tytus Romek i~A'Tomek. Księga XII},
  publisher =	 {Młodzieżowa Agencja Wydawnicza},
  address =	 {Warszawa},
  year =	 1989,
  edition =	 {I},
}



@book{ Chmielewski-Tytus-Romek-i-ATomek-Ksiega-XXI-Pub-1994,
  author =	 {Henryk Jerzy Chmielewski},
  title =	 {Tytus Romek i~A'Tomek. Księga XXI},
  publisher =	 {Prószyński i~S-ka},
  address =	 {Warszawa},
  year =	 1994,
  edition =	 {I},
}



@book{ Chmielewski-Tytus-Romek-i-ATomek-Ksiega-XXII-Pub-1996,
  author =	 {Henryk Jerzy Chmielewski},
  title =	 {Tytus Romek i~A'Tomek. Księga XXII},
  publisher =	 {Prószyński i~S-ka},
  address =	 {Warszawa},
  year =	 1996,
  edition =	 {I},
}



@book{ Chmielewski-Zlota-ksiega-przygod-Pub-2002,
  author =	 {Henryk Jerzy Chmielewski},
  title =	 {Tytus Romek i~A'Tomek. Złota księga przygód},
  publisher =	 {Prószyński i~S-ka},
  address =	 {Warszawa},
  year =	 2002,
  edition =	 {I},
}
