@Comment #############################################################
@Comment #############################################################
@Comment #############################################################
@Comment MUSIC, BOOKS
@Comment #############################################################
@Comment #############################################################
@Comment #############################################################



@Comment #############################################################
@Comment #############################################################
@Comment MUSIC THEORY, BOOKS
@Comment #############################################################
@Comment #############################################################


@book{ WesolowskiZasadyMuzyki2017,
  author =	 {Franciszek Wesołowski},
  title =	 {Zasady muzyki},
  publisher =	 {Polskie Wydanictwo Muzyczne},
  address =	 {Kraków},
  year =	 2017,
  edition =	 {XVIII, rzut II (2018)},
  note =	 {PWN edition},
}



@book{ WesolowskiZasadyMuzyki2021,
  author =	 {Franciszek Wesołowski},
  title =	 {Zasady muzyki},
  publisher =	 {Polskie Wydanictwo Muzyczne},
  address =	 {Kraków},
  year =	 2021,
  edition =	 {XX},
  note =	 {PWN edition},
}










@Comment #############################################################
@Comment HISTORY OF MUSIC, BOOKS
@Comment #############################################################


@book{ BarberBachBeethovenIInneChlopaki2005,
  author =	 {David W. Barber},
  title =	 {Bach, Beethoven i~inne chłopaki, czyli historia
                  muzyki wyłożona wreszcie jak należy},
  publisher =	 {Wydawnictwo Adamant},
  address =	 {Warszawa},
  year =	 2005,
  edition =	 {IV},
  note =	 {Ilustracje: Dave Donald. Tłum. Barbara Świderska},
}



@book{ BarberKiedyGrubaDamaSpiewa2005,
  author =	 {David W. Barber},
  title =	 {Kiedy gruba dama śpiewa, czyli historia opery
                  wyłożona wreszcie jak należy},
  publisher =	 {Wydawnictwo Adamant},
  address =	 {Warszawa},
  year =	 2005,
  edition =	 {II},
  note =	 {Ilustracje: Dave Donald. Tłum. Barbara Świderska},
}



@book{ BarberZygzakiemPrzezMuzykę2007,
  author =	 {David W. Barber},
  title =	 {Zygzakiem przez muzykę, czyli następna historia
                  muzyki wyłożona wreszcie jak należy},
  publisher =	 {Wydawnictwo Adamant},
  address =	 {Warszawa},
  year =	 2007,
  edition =	 {I},
  note =	 {Ilustracje: Dave Donald. Tłum. Barbara Świderska},
}










@Comment #############################################################
@Comment BIOGRAPHICS OF MUSICANS
@Comment #############################################################


@book{ ChromcewiczTheBeatles1990,
  author =	 {Witold Chromcewicz},
  title =	 {The~Beatles},
  publisher =	 {Polskie Wydawnictwo Muzyczne},
  address =	 {Kraków},
  year =	 1990,
  edition =	 {I},
}










@Comment #############################################################
@Comment MUSIC AND HUMOR, BOOKS
@Comment #############################################################


@book{ NowosadAnegdotaWMuzyce2004,
  author =	 {Janusz Nowosad},
  title =	 {Anegdota, ciekawostka i~dowcip w~muzyce},
  publisher =	 {Wydawnictwo Muzyczne Polihymia},
  address =	 {Lublin},
  year =	 2004,
  note =	 {Rysunki Tomasz Wilczkiewicz},
}