@Comment #############################################################
@Comment #############################################################
@Comment PAINTINGS, BOOKS
@Comment #############################################################
@Comment #############################################################


@book{ StrzeminskiTeoriaWidzenia2016,
  author =	 {Władysław Strzemiński},
  title =	 {Teoria widzenia},
  publisher =	 {Muzeum Sztuki w~Łodzi},
  address =	 {Łódź},
  year =	 2016,
}










@Comment #############################################################
@Comment PAINTERS, BOOKS
@Comment #############################################################


@book{ DaliMysliIAnegdoty2003,
  author =	 {Salvador Dali},
  title =	 {Myśli i~anegdoty},
  publisher =	 {„Książnica” sp.~z~o.o.},
  address =	 {Katowice},
  year =	 2003,
  edition =	 {I},
  note =	 {Tłum. z~francuskiego Bożena Sęk},
}










@Comment #############################################################
@Comment #############################################################
@Comment EAST EUROASIA VISUAL ARTS, BOOKS
@Comment #############################################################
@Comment #############################################################


@book{ CovelloYoshimuraJaponskaSztukaPieknaKamieniu2018,
  author =	 {Vincent T. Covello and Yuji Yoshimura},
  title =	 {Japońska sztuka odnajdywania piękna w~kamieniu.
                  Sztuka \textit{suiseki} i~jej zastosowanie w~sztuce
                  \textit{bonsai}},
  publisher =	 {UNIVERSITAS},
  address =	 {Kraków},
  year =	 2018,
  edition =	 {II},
}










@Comment #############################################################
@Comment #############################################################
@Comment #############################################################
@Comment COMICS AND VISUAL NOVELS
@Comment #############################################################
@Comment #############################################################
@Comment #############################################################



@Comment #############################################################
@Comment #############################################################
@Comment POLISH COMICS
@Comment #############################################################
@Comment #############################################################


@book{ SledzinskiNaSzybkoSpisaneOd1980Do1990Wyd2007,
  author =	 {Michał „Śledziu” Śledziński},
  title =	 {Na szybko spisane. 1980--1990},
  publisher =	 {kultura gniewu},
  address =	 {Warszawa},
  year =	 2007,
  edition =	 {I},
}










@Comment #############################################################
@Comment TYTUS, ROMEK I A'TOMEK COMICS
@Comment #############################################################


@book{ ChmielewskiTytusRomekIATomekKsiegaVI1996,
  author =	 {Henryk Jerzy Chmielewski},
  title =	 {Tytus Romek i~A'Tomek. Księga VI},
  publisher =	 {Prószyński i~S-ka},
  address =	 {Warszawa},
  year =	 1996,
  edition =	 {IV},
}



@book{ ChmielewskiTytusRomekIATomekKsiegaXXI1994,
  author =	 {Henryk Jerzy Chmielewski},
  title =	 {Tytus Romek i~A'Tomek. Księga XXI},
  publisher =	 {Prószyński i~S-ka},
  address =	 {Warszawa},
  year =	 1994,
  edition =	 {I},
}



@book{ ChmielewskiTytusRomekIATomekKsiegaXXII1996,
  author =	 {Henryk Jerzy Chmielewski},
  title =	 {Tytus Romek i~A'Tomek. Księga XXII},
  publisher =	 {Prószyński i~S-ka},
  address =	 {Warszawa},
  year =	 1996,
  edition =	 {I},
}



@book{ ChmielewskiZlotaKsiegaPrzygod2002,
  author =	 {Henryk Jerzy Chmielewski},
  title =	 {Tytus Romek i~A'Tomek. Złota księga przygód},
  publisher =	 {Prószyński i~S-ka},
  address =	 {Warszawa},
  year =	 2002,
  edition =	 {I},
}










@Comment #############################################################
@Comment #############################################################
@Comment ANGLO-AMERICAN COMICS
@Comment #############################################################
@Comment #############################################################


@book{ MooreONeilEtAlLigaNiezwyklychDzentelmenowVolI2015,
  author =	 {Alan Moore and Kevin O'Neill and Ben Dimagmaliw and Bill
                  Oakley},
  title =	 {Liga niezwykłych dżentelmenów. Tom~I},
  publisher =	 {Egmont Polska Sp.~z~o.o.},
  address =	 {Warszawa},
  year =	 2015,
  edition =	 {II},
}



@book{ MorrisonEtAlSupermanVolI2013,
  author =	 {Grant Morrison and Rags Morales and Andy Kubert},
  title =	 {Superman. Tom~1: Superman i~ludzie ze stali},
  publisher =	 {Egmont Polska Sp.~z~o.o.},
  address =	 {Warszawa},
  year =	 2013,
  edition =	 {I},
}



@book{ SakaiUsagiYojimboSagaKsiegaI2019,
  author =	 {Stan Sakai},
  title =	 {Usagi Yojimbo. Saga. Księga~I},
  publisher =	 {Egmont Polska Sp.~z~o.o.},
  address =	 {Warszawa},
  year =	 2019,
  edition =	 {I},
}










@Comment #############################################################
@Comment #############################################################
@Comment GRAPHICAL NOVELS
@Comment #############################################################
@Comment #############################################################


@book{ PrattCoroMalteseBalladaOSlonymMorzu2004,
  author =	 {Hugo Pratt},
  title =	 {Corto Maltese. Ballada o~słonym morzu},
  publisher =	 {Wydawnictwo POST},
  address =	 {Kraków},
  year =	 2004,
  edition =	 {I},
  note =	 {Tłumaczenie z~języka włoskiego: Monika Gurgul.
                  Opracownie graficzne i~liternictwo: Joanna
                  Holeksa-Szłapa},
}










@Comment #############################################################
@Comment #############################################################
@Comment WILL EINSER'S COMICS
@Comment #############################################################
@Comment #############################################################


@book{ EisnerSpirit2009,
  author =	 {Will Eisner},
  title =	 {Spirit. Najlepsze opowieści},
  publisher =	 {Egmont Polska},
  address =	 {Warszawa},
  year =	 2009,
  edition =	 {I},
}










@Comment #############################################################
@Comment #############################################################
@Comment WILL EINSER's GRAPHICAL NOVELS
@Comment #############################################################
@Comment #############################################################


@book{ EisnerUmowaZBogiem2007,
  author =	 {Will Eisner},
  title =	 {Trylogia Umowa z~Bogiem. Życie na~Dropsie Avenue},
  publisher =	 {Egmont Polska},
  address =	 {Warszawa},
  year =	 2007,
  edition =	 {I},
  note =	 {Tłum. Jacek Drewnowski},
}



@book{ EisnerNowyYork2008,
  author =	 {Will Eisner},
  title =	 {Nowy York. Życie w~wielki mieście},
  publisher =	 {Egmont Polska},
  address =	 {Warszawa},
  year =	 2008,
  edition =	 {I},
}



@book{ EisnerZycieWObrazkach2009,
  author =	 {Will Eisner},
  title =	 {Życie w~obrazkach. Opowieści autobiograficzne},
  publisher =	 {Egmont Polska},
  address =	 {Warszawa},
  year =	 2009,
  edition =	 {I},
}
