@Comment #############################################################
@Comment #############################################################
@Comment Drama, books
@Comment #############################################################
@Comment #############################################################



@Comment #############################################################
@Comment Roman Brandstaetter
@Comment #############################################################


@book{ Brandstaetter-Powrot-syna-marnotrawnego-i-inne-dramaty-Pub-1979,
  author =	 {Roman Brandstaetter},
  title =	 {Powrót syna marnotranwego i~inne dramaty},
  publisher =	 {Wydawnictwo Poznańskie},
  address =	 {Poznań},
  year =	 1979,
  edition =	 {I},
}










@Comment #############################################################
@Comment William Shakespeare
@Comment #############################################################


@book{ Shakespeare-Burza-Pub-1999,
  author =	 {William Shakespeare},
  title =	 {Burza},
  publisher =	 {Wydawnictwo ZNAK},
  address =	 {Kraków},
  year =	 1999,
  edition =	 {I},
  note =	 {Tłum. Stanisław Barańczak},
}



@book{ Shakespeare-Wesole-kumoszki-z-windsoru-Pub-1998,
  author =	 {William Shakespeare},
  title =	 {Wesołe kumoszki z~Windsoru},
  publisher =	 {Wydawnictwo ZNAK},
  address =	 {Kraków},
  year =	 1998,
  edition =	 {I},
  note =	 {Tłum. Stanisław Barańczak},
}
