@Comment ##############################################################
@Comment ##############################################################
@Comment Theatrical studies. Netography
@Comment ##############################################################
@Comment ##############################################################



@Comment ##############################################################
@Comment WestEuroasia theatrical drama after 1900
@Comment ##############################################################


@online{ Libera-Studium-Ostatniej-tasmy-Samuela-Becketta-ETC-Ver-2018,
  author =	 {Antoni Libera},
  title =	 {Studium „Ostatniej taśmy” Samuela Becketta},
  url =		 {https://www.youtube.com/watch?v=uqNzfHGLvb4},
  urldate =	 {21-VIII-2024},
  note =	 {Teologia Polityczna},
}










@Comment ##############################################################
@Comment
@Comment ##############################################################



@online{ -Ver-,
  author =	 {},
  title =	 {},
  url =		 {},
  urldate =	 {27-VII-2024},
  note =	 {},
}



@online{ -Ver-,
  author =	 {},
  title =	 {},
  year =	 ,
  url =		 {},
  urldate =	 {01-VIII-2024},
}



@online{ -Ver-,
  author =	 {},
  title =	 {},
  year =	 ,
  url =		 {},
  urldate =	 {30-VII-2024},
  note =	 {},
}



@online{ -Ver-,
  author =	 {},
  title =	 {},
  year =	 ,
  url =		 {},
  urldate =	 {30-VII-2024},
  note =	 {},
}


















@Comment #############################################################
@Comment
@Comment #############################################################











@Comment #############################################################
@Comment
@Comment #############################################################













@Comment #############################################################
@Comment
@Comment #############################################################













@Comment ##############################################################
@Comment
@Comment ##############################################################













@Comment #############################################################
@Comment
@Comment #############################################################













@Comment ###############################
@Comment
@Comment ###############################













@Comment ###############################
@Comment
@Comment ###############################












@Comment ###############################
@Comment
@Comment ###############################













@Comment ###############################
@Comment
@Comment ###############################












@Comment #############################################################
@Comment
@Comment #############################################################












@Comment #############################################################
@Comment
@Comment #############################################################



@Comment #############################################################
@Comment
@Comment #############################################################












@Comment #############################################################
@Comment
@Comment #############################################################

















@Comment #############################################################
@Comment
@Comment #############################################################



























@Comment #############################################################
@Comment
@Comment #############################################################













@Comment #############################################################
@Comment
@Comment #############################################################













@Comment #############################################################
@Comment
@Comment #############################################################












@Comment ##############################################################
@Comment
@Comment ##############################################################













@Comment ##############################################################
@Comment
@Comment ##############################################################

















@Comment ##############################################################
@Comment
@Comment ##############################################################
