@Comment ###############################
HISTORIA I FILOZOFIA NAUKI
@Comment ###############################


@article{ WalczakCzyMozliwaJest16,
  author =	 {Monika Walczak},
  title =	 {Czy~możliwa jest wiedza interdyscyplinarna?},
  journal =	 {Zagadnienie naukoznawstwa. Kwartalnik},
  year =	 2016,
  volume =	 {LII~zeszyt 1~(207)},
  pages =	 {113-126},
}





@Comment ###############################
ARTYKUŁY RÓŻNE
@Comment ###############################


@article{ Madela122,
  author =	 "Andrzej Madela",
  title =	 {{W~cieniu Norymbergi. Niemcy Zachodnie lat
		  1945--1955 wobec denazyfikacji}},
  journal =	 "ARCANA",
  volume =	 122,
  pages =	 {{74--92}},
  year =	 2015,
}

@article{ Tisonczyk123,
  author =	 "Tomasz Tisończyk",
  title =	 {{\emph{Haiku} na~zaliczenie}},
  year =	 2015,
  journal =	 "ARCANA",
  volume =	 123,
  pages =	 {{180--186}},
}

@article{ Zachenter124,
  author =	 "Anna Zachenter",
  title =	 {{Wrzesień 1939 roku w~oczach współczesnych Niemców}},
  journal =	 "ARCANA",
  volume =	 124,
  pages =	 {{54--64}},
  year =	 2015,
}

@article{ AKarc124,
  author =	 "Agnieszka Kurnik",
  title =	 {{,,Gra resztkami'' jako substytut kultury}},
  journal =	 "ARCANA",
  volume =	 124,
  pages =	 {{102--112}},
  year =	 2015,
}

@article{ Gruchala125,
  author =	 "Wojciech Gruchała",
  title =	 {{Kiedy przestaliśmy czytać Żeromskiego?}},
  year =	 2015,
  journal =	 "ARCANA",
  volume =	 125,
  pages =	 {{18--30}},
}

@article{ Gabis125,
  author =	 "Tomasz Gabiś",
  title =	 {{Powitajmy uchodźców z~Europy Zachodniej!}},
  year =	 2015,
  journal =	 "ARCANA",
  volume =	 125,
  pages =	 {{52--63}},
}

@article{ Tolczyk125,
  author =	 "Dariusz Tołczyk",
  title =	 {{Dlaczego Sołżenicyn? Spóźnione odkrycie Gułagu
		  na~Zachodzie.}},
  journal =	 "ARCANA",
  volume =	 125,
  pages =	 {{111--136}},
  year =	 2015,
}






@Comment ###############################
ARTYKUŁY RÓŻNE
@Comment ###############################


@article{ Madela122,
  author =	 "Andrzej Madela",
  title =	 {{W~cieniu Norymbergi. Niemcy Zachodnie lat
		  1945--1955 wobec denazyfikacji}},
  journal =	 "ARCANA",
  volume =	 122,
  pages =	 {{74--92}},
  year =	 2015,
}

@article{ Tisonczyk123,
  author =	 "Tomasz Tisończyk",
  title =	 {{\emph{Haiku} na~zaliczenie}},
  year =	 2015,
  journal =	 "ARCANA",
  volume =	 123,
  pages =	 {{180--186}},
}

@article{ Zachenter124,
  author =	 "Anna Zachenter",
  title =	 {{Wrzesień 1939 roku w~oczach współczesnych Niemców}},
  journal =	 "ARCANA",
  volume =	 124,
  pages =	 {{54--64}},
  year =	 2015,
}

@article{ AKarc124,
  author =	 "Agnieszka Kurnik",
  title =	 {{,,Gra resztkami'' jako substytut kultury}},
  journal =	 "ARCANA",
  volume =	 124,
  pages =	 {{102--112}},
  year =	 2015,
}

@article{ Gruchala125,
  author =	 "Wojciech Gruchała",
  title =	 {{Kiedy przestaliśmy czytać Żeromskiego?}},
  year =	 2015,
  journal =	 "ARCANA",
  volume =	 125,
  pages =	 {{18--30}},
}

@article{ Gabis125,
  author =	 "Tomasz Gabiś",
  title =	 {{Powitajmy uchodźców z~Europy Zachodniej!}},
  year =	 2015,
  journal =	 "ARCANA",
  volume =	 125,
  pages =	 {{52--63}},
}




@article{ WalczakCzyMozliwaJest16,
  author =	 "Monika Walczak",
  title =	 {{Czy~możliwa jest wiedza interdyscyplinarna?}},
  journal =	 {{Zagadnienie naukoznawstwa. Kwartalnik}},
  volume =	 {{LII~zeszyt 1~(207)}},
  pages =	 {{113--126}},
  year =	 2016,
}




@book{ Hel05,
	author	  = "M. Heller",
	title	  = "Filozofia przyrody",
	publisher = {{Społeczny Instytut Wydawniczy Znak}},
	%volume   = "",
	%number   = "",
	%series   = "",
	%address  = "",
	edition   = "I -- Dodruk",
        year      = "2005",
        %month    = "",
        %note     = ""
     }


@book{ Pla99,
	author	  = "Platon",
	title	  = "Dialogi",
	publisher = "ANTYK",
	volume    = "II",
	%number   = "",
	%series   = "",
	%address  = "",
	edition   = "I",
        year      = "1999",
        %month    = "",
        %note     = ""
     }


@book{ JKK73,
	author	  = {{J. Jędrzejewski, W. Kruczek, A. Kujawski}},
	title	  = "Zbiór zadań z fizyki dla kandydatów na wyższe uczelnie techniczne",
	publisher = "Wydawnictwo Naukowo-Techniczne",
	%volume   = "",
	%number   = "",
	%series   = "",
	%address  = "",
	edition   = "I",
	year      = "1973",
	%month    = "",
	%note     = ""
     }


Mechanika


@book{ KKR75,
	author	  = {{C. Kittel, W. D. Knight, M. A. Ruderman}},
	title	  = "Mechanika",
	publisher = {{Państwowe Wydawnictwo Naukowe}},
	%volume   = "",
	%number   = "",
	%series   = "",
	%address  = "",
	edition   = "III",
        year      = "1975",
        %month    = "",
        %note     = ""
     }



@book{ SW64,
	author	  = {{R. F. Streater, A. S. Wightman}},
	title     = {{PCT, spin and statistics, and all that}},
	publisher = "W. A. Benjamin, INC",
	%volume    = "",
	%number   = "",
	%series   = "",
	%address  = "",
	edition   = "I",
        year      = "1964",
        %month    = "",
        %note     = ""
     }

Teoria strun







@book{ GSW87,
	author	  = {{M. B. Green, J. H. Schwarz, E. Witten}},
	title	  = {{Superstring Theory. Volume 1: Introduction.}},
	publisher = "Cambridge University Press",
	%volume    = "I",
	%number   = "",
	%series   = "",
	%address  = "",
	%edition  = "",
        year      = "1987",
        %month    = "",
        %note     = ""
     }


Fizyka matematyczna


@book{ Haa96,
	author	  = "R. Haag",
	title	  = {{Local quantum physics : fields, particles, algebras.}},
	publisher = "Springer",
	%volume   = "",
	%number   = "",
	%series   = "",
	%address  = "",
	edition   = "II",
        year      = "1996",
        %month    = "",
        %note     = ""
     }

@book{ RPDDR,
	author	  = {{R. Penrose}},
	title	  = "Droga do rzeczywistości",
	publisher = "Prószyński i S-ka",
	%volume   = "",
	%number   = "",
	%series   = "",
	%address  = "",
	%edition  = "",
        %year      = "",
        %month    = "",
        %note     = ""
     }



INFORMATYKA



@book{ Grę06,
	author	  = {{J. Grębosz}},
	title	  = {{Symfonia C++ standard}},
	publisher = {{EDITION 2000}},
	volume    = "I",
	%number   = "",
	%series   = "",
	%address  = "",
	edition   = "II",
        year      = "2006",
        %month    = "",
        %note     = ""
     }

@book{ JHWTAJO,
	author	  = {{J. E. Hopcroft, R. Motwani, J. D. Ullman}},
	title	  = "Wprowadzenie do teorii automatów, języków i obliczeń",
	publisher = "Wydawnictwo Naukowe PWN",
	%volume   = "",
	%number   = "",
	%series   = "",
	%address  = "",
	edition   = "II",
        year      = "2005",
        %month    = "",
        %note     = ""
     }

@book{ KR01,
	author	  = {{B. W. Kernighan, D. M. Ritchie}},
	title	  = {{Język ANSI C}},
	publisher = {{Wydawnictwo Naukowo-Techniczne}},
	%volume   = "",
	%number   = "",
	%series   = "",
	%address  = "",
	edition   = "VI",
        year      = "2001",
        %month    = "",
        %note     = ""
     }



JĘZYKI



@book{ CzR04,
	author	  = {{J. Czyżma, E. Roguszczak}},
	title	  = {{Język łaciński}},
	publisher = {{Wydawnictwo Uniwersytetu Gdańskiego}},
	%volume   = "",
	%number   = "",
	%series   = "",
	%address  = "",
	edition   = "V",
        year      = "2004",
        %month    = "",
        %note     = ""
     }

@book{ Mur98,
	author	  = {{R. Murphy}},
	title	  = {{English Grammar in Use}},
	publisher = {{Cambridge University Press}},
	%volume   = "",
	%number   = "",
	%series   = "",
	%address  = "",
	edition   = "Second",
        year      = "1998",
        %month    = "",
        %note     = ""
     }
