@Comment #############################################################
@Comment #############################################################
@Comment #############################################################
PHILOSOPHIAE NATURALIS -- ARTYKUŁY
@Comment #############################################################
@Comment #############################################################
@Comment #############################################################



@Comment #############################################################
@Comment #############################################################
@Comment #############################################################
FIZYKA
@Comment #############################################################
@Comment #############################################################
@Comment #############################################################



@Comment #############################################################
@Comment #############################################################
FIZYKA CZASOPRZESTRZENI -- ARTYKUŁY
@Comment #############################################################
@Comment #############################################################


@article{ ChruscielElementsOfCausalityTheory2011,
  author =	 {Piotr T.~Chruściel},
  title =	 {Elements of causality theory},
  journal =	 {{}},
  year =	 2011,
  archivePrefix ={arXiv},
  eprint =	 {1110.6706v1},
  primaryClass = {gr-qc},
}


@article{ HerdegenFlatSpacetimeInCapsule2009,
  author =	 {Andrzej Herdegen},
  title =	 {Flat spacetime in~a~capsule},
  journal =	 {{}},
  year =	 2009,
  archivePrefix ={arXiv},
  eprint =	 {0905.4386v2},
  primaryClass = {physics.class-ph},
}






@Comment #############################################################
@Comment #############################################################
MECHANIKA KLASYCZNA -- ARTYKUŁY
@Comment #############################################################
@Comment #############################################################


@Comment #############################################################
MATEMATYCZNA MECHANIKA KLASYCZNA -- ARTYKUŁY
@Comment #############################################################


@article{ WilkinsonNonExistencePhysicalSolutionsToRigidBody2015,
  author =	 {Mark Wilkinson},
  title =	 {Non-existence~of Physical Classical Solutions
		  to~Euler's Equations of Rigid Body Dynamics},
  journal =	 {{}},
  year =	 2015,
  archivePrefix ={arXiv},
  eprint =	 {1506.04860v2},
  primaryClass = {math-ph},
}







@Comment #############################################################
MECHANIKA KWANTOWA I POWIĄZANE PROBLEMY -- ARTYKUŁY
@Comment #############################################################


@article{ GukovWittenBranesAndQuantization2009,
  author =	 {Sergei Gukov, Edward Witten},
  title =	 {Branes and~Quantization},
  journal =	 {Advances in~Theoretical and~Mathematical Physics},
  year =	 2009,
  volume =	 13,
  number =	 5,
  pages =	 {1445-1518},
  doi =		 {10.4310/ATMP.2009.v13.n5.a5},
  archivePrefix ={arXiv},
  eprint =	 {0809.0305v2},
  primaryClass = {hep-th},
}


@article{ WittenNewLookPathIntegralOfQuantumMechanics2010,
  author =	 {Edward Witten},
  title =	 {A~New Look At~The~Integral~Of Quantum Mechanics},
  journal =	 {{}},
  year =	 2010,
  archivePrefix ={arXiv},
  eprint =	 {1009.6032v1},
  primaryClass = {hep-th},
}







@Comment ###############################
MECHANIKA KWANTOWA I FILOZOFIA -- ARTYKUŁY
@Comment ###############################


@article{ dEspagnatConsciousnessWignerFriendProblem2005,
  author =	 {Bernard d'Espagnat},
  title =	 {Consciousness and the Wigner's friend problem},
  year =	 2005,
  journal =	 {Foundations~of Physics},
  volume =	 35,
  pages =	 1943,
  doi =		 {10.1007/s10701-005-8656-1},
  archivePrefix ={arXiv},
  eprint =	 {0402121v2},
  primaryClass = {quant-ph},
}







@Comment #############################################################
FIZYKA MATERII SKONDENSOWANEJ -- ARTYKUŁY
@Comment #############################################################


@article{ KatsnelsonNovoselovGeimChiralTunnelingInGraphene2006,
  author =	 {M.I. Katsnelson and K.S. Novoselov and A.K. Geim},
  title =	 {Chiral tunneling and the~Klein paradox in~graphene},
  journal =	 {Nature Physics},
  year =	 2006,
  month =	 {Aug},
  volume =	 2,
  pages =	 {620-625},
  doi =		 {https://doi.org/10.1038/nphys384},
  archivePrefix ={arXiv},
  eprint =	 0604323,
  primaryClass = {cond-mat.mes-hall},
}


@article{ RyceszAtElConformalMappingShotNoiseGraphene2009,
  author =	 {Rycerz, Adam and Recher, Patrik and Wimmer, Michael},
  title =	 {Conformal mapping and shot noise in graphene},
  journal =	 {Phys. Rev. B},
  year =	 2009,
  month =	 {Sep},
  volume =	 80,
  issue =	 12,
  pages =	 125417,
  numpages =	 14,
  publisher =	 {American Physical Society},
  doi =		 {10.1103/PhysRevB.80.125417},
  url =		 {https://link.aps.org/doi/10.1103/PhysRevB.80.125417}
}


@article{ RycerzMagnetoconductanceOfTheCarbinoDiskGraphene2010,
  author =	 {Rycerz, Adam},
  title =	 {Magnetoconductance~of the~Corbino disk in~graphene},
  journal =	 {Phys. Rev. B},
  year =	 2010,
  month =	 {Mar},
  volume =	 81,
  issue =	 12,
  pages =	 121404,
  numpages =	 4,
  publisher =	 {American Physical Society},
  doi =		 {10.1103/PhysRevB.81.121404},
  url =		 {https://link.aps.org/doi/10.1103/PhysRevB.81.121404},
  archivePrefix ={arXiv},
  eprint =	 {0909.3018v2},
  primaryClass = {cond-mat.mes-hall},
}


@article{ QiWittenZhangAxionTopologicalSuperconductors2013,
  author =	 {Qi, Xiao-Liang and Witten, Edward and Zhang,
		  Shou-Cheng},
  title =	 {Axion topological field theory of topological
		  superconductors},
  year =	 2013,
  month =	 {Apr},
  journal =	 {Phys. Rev. B},
  volume =	 87,
  issue =	 13,
  pages =	 134519,
  numpages =	 10,
  publisher =	 {American Physical Society},
  doi =		 {10.1103/PhysRevB.87.134519},
  url =		 {https://link.aps.org/doi/10.1103/PhysRevB.87.134519},
  archivePrefix ={arXiv},
  eprint =	 {1206.1407v2},
  primaryClass = {cond-mat.supr-con},
}






@Comment #############################################################
@Comment #############################################################
FIZYKA STATYSTYCZNA -- ARTYKUŁY
@Comment #############################################################
@Comment #############################################################


@Comment #############################################################
MATEMATYCZNA FIZYKA STATYSTYCZNA -- ARTYKUŁY
@Comment #############################################################


@article{ MajewskiOnQuantumStatisticalMechanics2017,
  author =	 {Majewski, Władysław Adam},
  title =	 {On Quantum Statistical Mechanics: A Study Guide},
  journal =	 {Advances in Mathematical Physics},
  year =	 2016,
  month =	 08,
  volume =	 2017,
  doi =		 {10.1155/2017/9343717},
  archivePrefix ={arXiv},
  eprint =	 {1608.06766},
  primaryClass = {math-ph},
}







@Comment #############################################################
HYDRODYNAMIKA, DYNAMIKA PŁYNÓW -- ARTYKUŁY
@Comment #############################################################


@Comment ###############################
TURBULENCJE -- ARTYKUŁY
@Comment ###############################


@article{ FrishmanFalkovichNewTypeOfAnomalyInTubulence2014,
  author =	 {Frishman, Anna and Falkovich, Gregory},
  title =	 {New type~of anomaly in~tubulence},
  year =	 2014,
  journal =	 {Phys. Rev. Lett.},
  volume =	 113,
  pages =	 024501,
  archivePrefix ={arXiv},
  eprint =	 {1401.6141v3},
  primaryClass = {nlin.CD},
}







@Comment #############################################################
@Comment #############################################################
QFT -- ARTICLES
@Comment #############################################################
@Comment #############################################################


@Comment ###############################
ELEKTRODYNAMIKA KWANTOWA -- ARTYKUŁY
@Comment ###############################


@article{ GockelerEtAlIsThereLandauPoleProblemInQED1998,
  author =	 {M. G\"{o}ckeler, R. Horsley, V. Linke, P. Rakow, G.
		  Schierholz, H. Stüben},
  title =	 {Is~there a~Landau Pole Problem in~QED?},
  journal =	 {Phys. Rev. Lett.},
  year =	 1997,
  volume =	 80,
  pages =	 {4119-4122},
  doi =		 {10.1103/PhysRevLett.80.4119},
  archivePrefix ={arXiv},
  eprint =	 {9712244v1},
  primaryClass = {hep-th},
}







@Comment ###############################
RENORMALIZACJA -- ARTYKUŁY
@Comment ###############################


@article{ MutetEtAlTaylorLagrangeRenormalization2012,
  author =	 {B. Mutet, P. Grang\accute{e} and E. Werner},
  title =	 {Taylor-Lagrange renormalization and~gauge theories
		  in~four dimensions},
  journal =	 {J. Phys. A: Math. Theor.},
  year =	 2012,
  volume =	 45,
  pages =	 315401,
}







@Comment ###############################
QFT, PRACE MATEMATYCZNE -- ARTYKUŁY
@Comment ###############################


@article{ MickelssonGerbesAndQFT2006,
  author =	 {Jouko Mickelsson},
  title =	 {Gerbes and~quantum field theory},
  journal =	 {{}},
  year =	 2006,
  archivePrefix ={arXiv},
  eprint =	 {0603031v1},
  primaryClass = {math-ph},
}


@article{ WittenQFTAndJonesPolynomial1989,
  author =	 {Edward Witten},
  title =	 {Quantum Field Theory and the~Jones Polynomial},
  journal =	 {Commun. Math. Phys},
  year =	 1989,
  volume =	 121,
  pages =	 {351-399},
  url =		 {https://projecteuclid.org/euclid.cmp/1104178138},
}







@Comment ###############################
ELEKTRODYNAMIKA KWANTOWA, PRACE MATEMATYCZNE -- ARTYKUŁY
@Comment ###############################


@article{ HerdegenAsymptoticAlgebraOfQED2005,
  author =	 {Andrzej Herdegen},
  title =	 {Asymptotic algebra~of quantum electrodynamics},
  journal =	 {Acta Phys. Polon.~B},
  year =	 2005,
  volume =	 36,
  issue =	 1,
  pages =	 {35-58},
  archivePrefix ={arXiv},
  eprint =	 0412058,
  primaryClass = {hep-th},
}


@article{ HerdegenAsymptoticStructureRevisited2017,
  author =	 {Andrzej Herdegen},
  title =	 {Asymptotic structure~of electrodynamics revisited},
  journal =	 {Lett Math Phys},
  year =	 2017,
  volume =	 107,
  pages =	 1439,
  doi =		 {10.1007/s11005-017-0948-9},
  archivePrefix ={arXiv},
  eprint =	 {1604.04170v3},
  primaryClass = {hep-th},
}







@Comment #############################################################
ALGEBRAIC QFT -- ARTYKUŁY
@Comment #############################################################


@article{ BrunettiDutschFredenhagenPAQFTRenormalizationGroup2009,
  author =	 {Romeo Brunetti and Michael D{\"{u}}tsch and Klaus
                  Fredenhagen},
  title =	 {Perturbative Algebraic Quantum Field Theory and the
                  Renormalization Groups},
  journal =	 {Adv. Theor. Math. Phys.},
  year =	 2009,
  volume =	 13,
  number =	 5,
  pages =	 {1541-1599},
  archivePrefix ={arXiv},
  eprint =	 {0901.2038},
  primaryClass = "math-ph",
}


@article{ BrunettiFredenhagen09,
  author =	 "R. Brunetti and K. Fredenhagen",
  title =	 {{Quantum Field Theory on Curved Backgrounds}},
  year =	 2009,
  journal =	 {{}},
  archivePrefix ={arXiv},
  eprint =	 {0901.2063v1},
  primaryClass = "gr-qc",
}


@article{ BrunettiFredenhagenVerch03,
  author =	 {Brunetti, R., Fredenhagen, K. and Verch, R.},
  title =	 {{The~Generally Covariant Locality Principle --~A~New
		  Paradigm for Local Quantum Field Theory}},
  year =	 2003,
  journal =	 {Commun. Math. Phys.},
  volume =	 237,
  pages =	 {31-68},
  doi =		 {https://doi.org/10.1007/s00220-003-0815-7},
  archivePrefix ={arXiv},
  eprint =	 {0112.041v1},
  primaryClass = {math-ph},
}


@article{ BrunettiEtAlQuantumGravityFromPoVLocallyCovariantQFT2016,
  author =	 {Romeo Brunetti, Klaus Fredenhagen and~Katarzyna
                  Rejzner},
  title =	 {Quantum Gravity from the~Point~of View~of Locally
                  Covariant Quantum Field Theory},
  year =	 2016,
  journal =	 {Commun. Math. Phys.},
  volume =	 345,
  issue =	 3,
  pages =	 {741-779},
  doi =		 {10.1007/s00220-016-2676-x},
  archivePrefix ={arXiv},
  eprint =	 {1306.1058v5},
  primaryClass = {math-ph},
}


@article{ BuchholzPhysicalStateSpaceOfEQD1982,
  author =	 {Detlev Buchholz},
  title =	 {The Physical State Space~of Quantum Electrodynamics},
  journal =	 {Commun. Math. Phys.},
  year =	 1982,
  volume =	 85,
  pages =	 {49-71},
  doi =		 {https://doi.org/10.1007/BF02029133},
}


@article{ FredenhagenRejznerPerturbativeAlgebraicQFT2012,
  author =	 {Fredenhagen, Klaus and Rejzner, Katarzyna},
  title =	 {Perturbative algebraic quantum field theory},
  year =	 2012,
  journal =	 {{}},
  archivePrefix ={arXiv},
  eprint =	 {1208.1428v2},
  primaryClass = {math-ph},
}


@article{ HerdegenInfraparticleProblemAsymptoticFields2014,
  author =	 {Andrzej Herdegen},
  title =	 {Infraparticle problem, asymptotic fields
                  and~Haag-Ruelle theory},
  journal =	 {Ann. Henri Poincar{\'{e}}},
  year =	 2014,
  volume =	 15,
  pages =	 345,
  doi =		 {https://doi.org/10.1007/s00023-013-0242-z},
  archivePrefix ={arXiv},
  eprint =	 {1210.1731},
  primaryClass = {math-ph},
}


@article{ KellerDimensionalREgularizationPositionSpace2010,
  author =	 {Kai Johannes Keller},
  title =	 {Dimensional Regularization in Position Space
		  and~a~Forest Formula for Regularized Epstein-Glaser
		  Renormalization},
  year =	 2010,
  journal =	 {{}},
  archivePrefix ={arXiv},
  eprint =	 {1006.2148v1},
  primaryClass = {math-ph},
  note =	 {PhD thesis},
}


@article{ RejznerBatalinVilkoviskyInLocallyCovariantFT2011,
  author =	 {Katarzyna Anna Rejzner},
  title =	 {Batalin-Vilkovisky formalism in~locally covariant
                  field theory},
  journal =	 {{}},
  year =	 2011,
  archivePrefix ={arXiv},
  eprint =	 {1111.5130v2},
  primaryClass = {math-ph},
  note =	 {PhD thesis},
}







@Comment #####################
ALGEBRAIC QFT AND GENERAL RELATIVITY -- ARTICLES
@Comment #####################


@article{ ColliniMorettiPinamontiTunellingPhi3OneLoop2014,
  author =	 {Collini, Giovanni and Moretti, Valter and Pinamonti,
		  Nicola},
  year =	 2014,
  title =	 {``Tunnelling'' Black-Hole Radiation with $\phi^{ 3
		  }$ Self-Interaction: One-Loop Computation
		  for~Rindler Killing Horizons},
  journal =	 {Letters in~Mathematical Physics},
  volume =	 104,
  issue =	 2,
  pages =	 {217--232},
  doi =		 {10.1007/s11005-013-0663-0},
  archivePrefix ={arXiv},
  eprint =	 {1302.5253v5},
  primaryClass = {gr-qc},
}


@article{ FredenhagenHaagDerivationOfHawkingRadiation1990,
  author =	 {Fredenhagen, Klaus and Haag, Rudolf},
  title =	 {On~the~derivation~of Hawking radiation associated
                  with the~formation~of a~black hole},
  journal =	 {Communications in Mathematical Physics},
  year =	 1990,
  month =	 {Feb},
  volume =	 127,
  pages =	 {273-284},
  doi =		 {10.1007/BF02096757}
}


@article{ HollandRenormalizedQuantumYangMillsFields2008,
  author =	 {Stefan Hollands},
  title =	 {Renormalized Quantum Yang-Mills Fields in~Curved
                  Spacetime},
  journal =	 {Rev. Math. Phys.},
  year =	 2008,
  volume =	 20,
  pages =	 {1033-1172},
  doi =		 {10.1142/S0129055X08003420},
  archivePrefix ={arXiv},
  eprint =	 {0705.3340},
  primaryClass = {gr-qc},
}


@article{ MorettiPinamontiStateIndependenceTuneelingBlackHole2012,
  author =	 {Moretti, Valter and Pinamonti, Nicola},
  year =	 2012,
  title =	 {State independence for~tunnelling processes through
		  black hole horizons and~Hawking radiation},
  journal =	 {Communications in Mathematical Physics},
  volume =	 309,
  issue =	 2,
  pages =	 {295--311},
  doi =		 {10.1007/s00220-011-1369-8},
  archivePrefix ={arXiv},
  eprint =	 {1011.2994},
  primaryClass = {gr-qc},
}







@Comment ###############################
EFEKT CASIMIRA
@Comment ###############################


@Comment #####################
EFEKT CASIMIRA TEORIA -- ARTYKUŁY
@Comment #####################


@article{ BenderMiltonCasimirEffectDDimensionalSphere1994,
  author =	 {Carl M. Bender, Kimball A. Milton},
  title =	 {Casimir effect for a $D$-dimensional sphere},
  journal =	 {Phys.Rev. D},
  year =	 1994,
  volume =	 50,
  pages =	 {6547-6555},
  doi =		 {10.1103/PhysRevD.50.6547},
  archivePrefix ={arXiv},
  eprint =	 {9406048v1},
  primaryClass = {hep-th},
}


@article{ CasimirOnTheAttractionBetween1948,
  author =	 {Hendrik Brugt Gerhard Casimir},
  title =	 {On~the~Attraction Between Two Perfectly Conducting
		  Plates},
  journal =	 {Indag. Math.},
  year =	 1948,
  volume =	 10,
  pages =	 {261-263},
  note =	 {[Kon. Ned. Akad. Wetensch. Proc.100N3-4, 61 (1997)]},
  SLACcitation = "%%CITATION = IMTHB,10,261;%%"
}


@article{ DappiaggiNosariPianamontiCasimirEffectAlgebraic2016,
  author =	 {Dappiaggi, Claudio and Nosari, Gabriele and
		  Pinamonti, Nicola},
  title =	 {The Casimir effect from the point of view of
		  algebraic quantum field theory},
  journal =	 {Math. Phys. Anal. Geom.},
  year =	 2016,
  volume =	 19,
  number =	 2,
  pages =	 12,
  doi =		 {10.1007/s11040-016-9216-y},
  archivePrefix ={arXiv},
  eprint =	 {1412.1409},
  primaryClass = {math-ph},
  SLACcitation = "%%CITATION = ARXIV:1412.1409;%%",
}


@article{ EmigEtAlCasmirForcesBetweenArbitrary2007,
  author =	 {Emig, T. and Graham, N. and Jaffe, R. L. and Kardar,
                  M.},
  title =	 {Casimir Forces between Arbitrary Compact Objects},
  journal =	 {Phys. Rev. Lett.},
  year =	 2007,
  month =	 {Oct},
  volume =	 99,
  issue =	 17,
  pages =	 170403,
  numpages =	 4,
  publisher =	 {American Physical Society},
  doi =		 {10.1103/PhysRevLett.99.170403},
  url =
                  {https://link.aps.org/doi/10.1103/PhysRevLett.99.170403},
}


@article{ FermiPizzoccheroLocalZetaRegularization2015,
  author =	 {Fermi, Davide and Pizzocchero, Livio},
  title =	 {Local zeta regularization and the scalar Casimir
                  effect I. A general approach based on integral
                  kernels},
  journal =	 {{}},
  year =	 2015,
  archivePrefix ={arXiv},
  eprint =	 {1505.00711},
  primaryClass = {math-ph},
}


@article{ FermiPizzoccheroLocalCasimirPointImpurity2018,
  author =	 {Fermi, Davide and Pizzocchero, Livio},
  title =	 {Local Casimir Effect for~a~Scalar Field
                  in~Presence~of a~Point Impurity},
  journal =	 {Symmetry},
  year =	 2018,
  volume =	 10,
  number =	 2,
  pages =	 38,
  doi =		 {10.3390/sym10020038},
  archivePrefix ={arXiv},
  eprint =	 {1712.10039},
  primaryClass = {math-ph},
}


@article{ HerdegenNononsensCasimirForce2001,
  author =	 {Andrzej Herdegen},
  title =	 {No-nonsens Casimir force},
  journal =	 {Acta Phys. Polon.},
  year =	 2001,
  volume =	 {B32},
  pages =	 {55-65},
  archivePrefix ={arXiv},
  eprint =	 {0008.207v2},
  primaryClass = {hep-th},
}


@article{ HerdegenQuantumBackreationI2005,
  author =	 {Andrzej Herdegen},
  title =	 {{Quantum backreaction (Casimir) effect~I. What are
		  admissible idealizations?}},
  journal =	 {Ann. Henri Poincare},
  year =	 2005,
  volume =	 6,
  pages =	 {657--695},
  doi =		 {10.1007/s00023-005-0219-7},
  archivePrefix ={arXiv},
  eprint =	 {0412.132v1},
  primaryClass = {hep-th},
  SLACcitation = {%%CITATION = ARXIV:0412.132v1;%%},
}


@article{ HerdegenQuantumBackreactionII2006,
  author =	 {Andrzej Herdegen},
  title =	 {Quantum backreaction (Casimir) effect II. Scalar and
                  electromagnetic fields},
  journal =	 {Ann. H. Poincare},
  year =	 2006,
  volume =	 7,
  pages =	 {253--301},
  doi =		 {https://doi.org/10.1007/s00023-005-0249-1},
  archivePrefix ={arXiv},
  eprint =	 {0507.023v1},
  primaryClass = {hep-th},
}


@article{ HerdegenStopaGlobalVsLocal2010,
  author =	 {Herdegen, Andrzej and Stopa, Mariusz},
  title =	 {Global vs~local Casimir effect},
  journal =	 {Ann. Henri Poincare},
  year =	 2010,
  volume =	 11,
  pages =	 {1171--1200},
  doi =		 {https://doi.org/10.1007/s00023-010-0053-4},
  archivePrefix ={arXiv},
  eprint =	 {1007.2139v1},
  primaryClass = {hep-th},
  SLACcitation = {%%CITATION = ARXIV:1007.2139v1;%%},
}


@article{ JancoviciSamajCasimirForce2005,
  author =	 {B. Jancovici and L. Samaj},
  title =	 {Casimir force between two ideal-conductor walls
		  revisited},
  journal =	 {EPL (Europhysics Letters)},
  year =	 2005,
  volume =	 72,
  number =	 1,
  pages =	 35,
  url =		 {http://stacks.iop.org/0295-5075/72/i=1/a=035},
}


@article{ MintchevRagoucyAlgebraicApproachMultipleDefectsLineCasimir2007,
  author =	 {M.~Mintchev and E.~Ragoucy},
  title =	 {Algebraic approach to~multiple defects on~the~line
		  and~application to~Casimir force},
  journal =	 {J. Phys. A},
  year =	 2007,
  volume =	 40,
  pages =	 9515,
  doi =		 {10.1088/1751-8113/40/31/025},
  archivePrefix ={arXiv},
  eprint =	 {0705.1322v1},
  primaryClass = {hep-th},
}


@article{ MaghrebiGrahamElectromagneticCasimirSeminInfinit2011,
  author =	 {Mohammad F. Maghrebi and Noah Graham},
  title =	 {Electromagnetic Casimir energies of semi-infinite
                  planes},
  journal =	 {{EPL} (Europhysics Letters)},
  year =	 2011,
  month =	 {jun},
  volume =	 95,
  number =	 1,
  pages =	 14001,
  publisher =	 {{IOP} Publishing},
  doi =		 {10.1209/0295-5075/95/14001},
  url =		 {https://doi.org/10.1209%2F0295-5075%2F95%2F14001},
  archivePrefix ={arXiv},
  eprint =	 {1102.1486},
  primaryClass = {quant-ph},
}


@article{ ScardicchioCasimirDynamics2005,
  author =	 {Antonello Scardicchio},
  title =	 {Casimir dynamics: Interactions~of surfaces with
		  codimension $>1$ due to~quantum fluctuations},
  journal =	 {Phys. Rev. D},
  year =	 2005,
  month =	 {Sep},
  volume =	 72,
  issue =	 6,
  pages =	 065004,
  numpages =	 10,
  publisher =	 {American Physical Society},
  doi =		 {10.1103/PhysRevD.72.065004},
  url =		 {https://link.aps.org/doi/10.1103/PhysRevD.72.065004},
  archivePrefix ={arXiv},
  eprint =	 {0503170v2},
  primaryClass = {hep-th},
  SLACcitation = {%%CITATION = ARXIV:0503170v2;%%}
}







@Comment #####################
EFEKT CASIMIRA -- EKSPERYMENTY (ARTYKUŁY)
@Comment #####################


@article{ ChanEtAlMicroelectromechanicalSystemsCasimirForce2001,
  author =	 {H. B. Chan and V. A. Aksyuk and R. N. Kleiman and
		  D. J. Bishop and Federico Capasso},
  title =	 {Quantum Mechanical Actuation of
		  Microelectromechanical Systems by the Casimir
		  Force},
  journal =	 {Science},
  year =	 2001,
  volume =	 297,
  pages =	 1941
}


@article{ GarciaSanchezEtAlCasimirForceNanomembrans2012,
  author =	 {Daniel Garcia-Sanchez, King Yan Fong, Harish
                  Bhaskaran, Steve Lamoreaux, Hong X. Tang},
  title =	 {Casimir Force and \emph{In~Situ} Surface Potential
                  Measurements on~Nanomembranes},
  journal =	 {Physical Review Letters},
  year =	 2012,
  volume =	 109,
  pages =	 027202,
  doi =		 {10.1103/PhysRevLett.109.027202},
}


@article{ LambrechtReynaudCasimirEffect2012,
  author =	 {Astrid Lambrech and Serge Reynaud},
  title =	 {Casimir Effect: Theory and~Experiments},
  journal =	 {International Journual~of Modern Physics~A},
  year =	 2012,
  volume =	 27,
  number =	 15,
  doi =		 {https://doi.org/10.1142/S0217751X12600135},
  archivePrefix ={arXiv},
  eprint =	 {1112.1301},
  primaryClass = {quant-ph},
  SLACcitation = "%%CITATION = ARXIV:1112.1301;%%"
}


@article{ SparnaayMeasurmentsOfAttractiveForces1958,
  author =	 {M. J. Sparnaay},
  title =	 {Measurements of attractive forces between flat
                  plates},
  journal =	 {Physica},
  year =	 1958,
  volume =	 24,
  pages =	 {751--764},
  doi =		 {https://doi.org/10.1016/S0031-8914(58)80090-7},
}







@Comment #####################
EFEKT CASIMIRA -- ZASTOSOWANIA (ARTYKUŁY)
@Comment #####################


@article{ SerryEtAlTheRoleOfCasimirDeflection1998,
  author =	 {F. Michael Serry and Dirk Walliser and G. Jordan
                  Maclay},
  title =	 {The role of the Casimir effect in the static
                  deflection and stiction of membrane strips in
                  microelectromechanical systems (MEMS)},
  journal =	 {Journal of Applied Physics},
  year =	 1998,
  volume =	 84,
  pages =	 2501,
  doi =		 {https://doi.org/10.1063/1.368410},
}







@Comment #####################
EFEKT CASIMIRA -- TEORIA (PRACE PRZEGLĄDOWE)
@Comment #####################


@article{ BordagMohideenMostepanenkoNewDevelopmentsCasimirEffect2001,
  author =	 {Bordag, M. and Mohideen, U. and Mostepanenko,
		  V. M.},
  title =	 {New delepoments in~the~Casimir effect},
  journal =	 {Physics Reports},
  year =	 2001,
  volume =	 353,
  number =	 {1--3},
  pages =	 {1--205},
  doi =		 {10.1016/S0370-1573(01)00015-1},
  archivePrefix ={arXiv},
  eprint =	 0106045,
  primaryClass = {quant-ph},
  SLACcitation = {%%CITATION = ARXIV:0106045;%%},
}







@Comment #############################################################
MATEMATYCZNY RACHUNEK ZABURZEŃ W KWANTOWEJ TEORII POLA -- ARTYKUŁY
@Comment #############################################################


@article{ BergbauerKreimerHopfAlgebraOfRootedTrees2005,
  author =	 {Christoph Bergbauer and Dirk Kreimer},
  title =	 {The~Hopf Algebra~of Rooted Trees in~Epstein-Glaser
                  Renormalization},
  journal =	 {Ann. Henri Proincar{\'{e}}},
  year =	 2005,
  volume =	 6,
  pages =	 {343-367},
  doi =		 {https://doi.org/10.1007/s00023-005-0210-3},
  archivePrefix ={arXiv},
  eprint =	 0403207,
  primaryClass = {hep-th},
}







@Comment ###############################
RENORMALIZACJA BOGOLIUBOVA-EPSTEINA-GLASERA -- ARTYKUŁY
@Comment ###############################


@article{ BufaloEtAlEpstainGlaserLightFrontQEDIFreeTheory2014,
  author =	 {R. Bufalo, B.~M. Pimentel and D.~E. Soto},
  title =	 {The Epstein-Glaser causal approach to
		  the~Light-Front QED$_{ 4 }$. I:~Free theory},
  journal =	 {Annals of Physics},
  year =	 2014,
  volume =	 351,
  pages =	 1034,
  doi =		 {10.1016/j.aop.2014.08.004},
  archivePrefix ={arXiv},
  eprint =	 {1405.1896v2},
  primaryClass = {hep-th},
}


@article{ GraciaBondiaImprovedEpsteinGlaserI2002,
  author =	 {Jose M. Gracia-Bondia},
  title =	 {Improved Epstein-Glaser renormalization
		  in~coordinate space~I. Euclidean framework},
  journal =	 {Math.Phys.Anal.Geom.},
  year =	 2003,
  volume =	 6,
  pages =	 {59-88},
  archivePrefix ={arXiv},
  eprint =	 {0202023v1},
  primaryClass = {hep-th},
}


@article{ LangeEpsteinGlaserPQFTGraphsHopfAlgebras2005,
  author =	 {Alexander Lange},
  title =	 {The~Epstein-Glaser approach to~pQFT: graphs and~Hopf
		  algebras},
  journal =	 {J. Math. Phys.},
  year =	 2001,
  volume =	 46,
  pages =	 062304,
  doi =		 {10.1063/1.1893215},
  archivePrefix ={arXiv},
  eprint =	 0403246,
  primaryClass = {hep-th},
}







@Comment #############################################################
OGÓLNA TEORIA WZGLĘDNOŚCI -- ARTYKUŁY
@Comment #############################################################


@article{ HenriquesNatarioRocketProblemInGR2012,
  author =	 {Pedro G. Henriques, Jose Natario},
  title =	 {The~rocket problem in~general relativity},
  journal =	 {J. Optim. Theory Appl.},
  volume =	 154,
  pages =	 {500-524},
  year =	 2012,
  archivePrefix ={arXiv},
  eprint =	 {1105.5235v2},
  primaryClass = {gr-qc},
}







@Comment ###############################
FIZYKA CZARNYCH DZIUR -- ARTYKUŁY
@Comment ###############################


@article{ BekensteinBlackHolesAndEntropy1973,
  author =	 {Jacob D. Bekenstein},
  title =	 {Black Holes and~Entropy},
  journal =	 {Phys. Rev. D},
  year =	 1973,
  volume =	 7,
  pages =	 {2333--2346},
}


@article{ BardeenCarterHawkingFourLawsOfBHMechanics1973,
  author =	 {Bardeen, James M. and Carter, Brandon and Hawking,
		  Stephen W.},
  title =	 {The~Four Law~of Black Hole Mechanics},
  journal =	 {Commun. math. Phys.},
  year =	 1973,
  volume =	 31,
  pages =	 {161--170},
}


@article{ HawkingParticleCreationByBlackHole1975,
  author =	 {Stephen W. Hawking},
  title =	 {Particle Creation by~Black Holes},
  journal =	 {Commun. math. Phys.},
  year =	 1975,
  volume =	 43,
  pages =	 {199--220}
}







@Comment ###############################
OTW CIĘŻKO TO SKLASYFIKOWAĆ
@Comment ###############################


@article{ ChruscielPaetzMassOfLightCones2014,
  author =	 {Chruściel, Piotr T. and Paetz, Tim-Torben},
  title =	 {The~mass~of light-cones},
  journal =	 {Class. Quantum Grav.},
  year =	 2014,
  volume =	 31,
  pages =	 102001,
  doi =		 {10.1088/0264-9381/31/10/102001},
  archivePrefix ={arXiv},
  eprint =	 {1401.3789v2},
  primaryClass = {gr-qc},
}







@Comment ###############################
INNE. NIEUPORZĄDKOWANE.
@Comment ###############################


@article{ KusekTransformacjeBogolubowa2012,
  author =	 {Patryk Kusek},
  year =	 2012,
  title =	 {Transformacje Bogolubowa w układach kwantowych},
  journal =	 {{}},
  volume =	 {{}},
  pages =	 {{}},
}







@Comment #############################################################
FIZYKA MATEMATYCZNA
@Comment #############################################################


@article{ Carter68,
  author =	 "B. Carter",
  title =	 {{Hamilton-Jacobi and Schrodinger Separable Solutions
		  of Einstein's Equation}},
  journal =	 "Commun. math. Phys.",
  year =	 1968,
  volume =	 10,
  pages =	 "280--310"
}


@article{ FlatoEtAlAsymptoticCompletenessMaxwellDirac1995,
  author =	 {Flato, Mosh{\'{e}} and C. H. Simon, Jacques and
                  Taflin, Erik},
  title =	 {Asymptotic completeness, global existence and the
                  infrared problem for the Maxwell-Dirac equations},
  year =	 1995,
  month =	 03,
  volume =	 127,
  journal =	 {Memoirs of the American Mathematical Society},
  doi =		 {10.1090/memo/0606},
  archivePrefix ={arXiv},
  eprint =	 9502061,
  primaryClass = {hep-th},
}


@article{ DBHPS08,
  author =	 {{G. H. E. Duchamp and P. Blasiak and A. Horzela and
                  K. A. Penson and A. I. Solomon}},
  title =	 {{Hopf Algebras in General and in Combinatorial
                  Physics: a practical introduction}},
  year =	 2008,
  journal =	 {{}},
  archivePrefix ="arXiv",
  eprint =	 "0802.0249v1",
  primaryClass = "quant-ph",
}



@article{ SummersPrespectiveOnConstructiveQFT12,
  author =	 {Stephen J. Summers},
  title =	 {A~Perspective on~Constructive Quantum Field Theory},
  year =	 2012,
  journal =	 {{}},
  archivePrefix ={arXiv},
  eprint =	 {1203.3991v1},
  primaryClass = {math-ph},
}







@Comment ###############################
MATEMATYCZNE PODEJŚCIE DO UKŁADÓW Z WIĘZAMI
@Comment ###############################


@Comment #####################
MATEMATYCZNA MECHANIKA UKŁADÓW Z WIĘZAMI
@Comment #####################


@article{ UdwadiaKalabaNewPerspectiveOnConstrainedMotion1992,
  author =	 {Firdaus E.~Udwadia and Robert E.~Kalaba},
  title =	 {A~New Perspective on~Constrained Motion},
  journal =	 {Proceedings~of the~Royal Society~of London.
                  Series~A: Mathematical and~Physical Sciences},
  year =	 1992,
  volume =	 439,
  issue =	 1906,
  pages =	 {407-410},
  doi =		 {10.1098/rspa.1992.0158},
}


@article{ UdwadiaSchutteEoMForGeneralConstrainedSystemsLagrangian2010,
  author =	 {Firdaus E.~Udwadia and Aaron D.~Schutte},
  title =	 {Equations~of motion for~general constrained systems
                  in~Lagrangian mechanics},
  journal =	 {Acta Mech},
  year =	 1992,
  volume =	 213,
  issue =	 {1-2},
  pages =	 {111-129},
  doi =		 {10.1007/s00707-009-0272-2},
}







@Comment #####################
MATEMATYCZNA TEORIA POLA Z WIĘZAMI
@Comment #####################


@article{ GiachettaEtAlLagrangianHamiltonianOnSubmanifolds2006,
  author =	 {G. Giachetta and L. Mangiarotti and G.
		  Sardanashvily},
  title =	 {Lagrangian and~Hamiltonian dynamics~of submanifolds},
  journal =	 {{}},
  year =	 2006,
  archivePrefix ={arXiv},
  eprint =	 0604066,
  primaryClass = {math-ph},
}







@Comment ###############################
MATEMATYCZNA OGÓLNA TEORIA WZGLĘDNOŚCI
@Comment ###############################


@article{ BizonIsAdSStable2013,
  author =	 {Bizoń, Piotr},
  title =	 {Is AdS stable?},
  journal =	 {General Relativity and Gravitation},
  year =	 2013,
  month =	 12,
  volume =	 46,
  pages =	 1724,
  doi =		 {10.1007/s10714-014-1724-0},
  archivePrefix ={arXiv},
  eprint =	 {1312.5544},
  primaryClass = {gr-qc},
}


@article{ GreenWaldNewFramework2011,
  author =	 {Green, Stephen R. and Wald, Robert M.},
  title =	 {New framework for analyzing the effects of small
                  scale inhomogeneities in cosmology},
  journal =	 {Phys. Rev. D},
  year =	 2011,
  month =	 {Apr},
  volume =	 83,
  issue =	 8,
  pages =	 084020,
  numpages =	 27,
  publisher =	 {American Physical Society},
  doi =		 {10.1103/PhysRevD.83.084020},
  url =		 {https://link.aps.org/doi/10.1103/PhysRevD.83.084020}
}


@article{ NatarioRelativityAndSingularities2005,
  author =	 {Jos\acute{e} Nat\acute{a}rio},
  title =	 {Relativity and~Singularities --~A~Short Introduction
		  for~Mathematicians},
  journal =	 {Sao Paulo J. Math. Sci.},
  year =	 2005,
  volume =	 6,
  pages =	 {309-335},
  archivePrefix ={arXiv},
  eprint =	 {0603190v4},
  primaryClass = {math.DG},
}







@Comment ###############################
ALGEBRAICZNA QFT
@Comment ###############################


@article{ BrunettiDutchFredenhagenVerch09,
  author =	 {{R. Brunetti and M. D\"{u}tsch and K. Fredenhagen
		  and R. Verch}},
  title =	 {{Perturbative Algebraic Quantum Field Theory and the
		  Renormalization Groups}},
  archivePrefix ="arXiv",
  eprint =	 "0901.2038v2v1",
  primaryClass = "math-th",
  year =	 2009,
  journal =	 {{}},
}


@article{ BrunettiFredenhagen00,
  author =	 "R. Brunetti, K. Fredenhagen",
  title =	 {{Microlocal Analysis and Interacting Quantum Field
		  Theories: Renormalization on Physical Backgrounds}},
  year =	 2000,
  journal =	 "Commun. Math. Phys.",
  volume =	 208,
  pages =	 "623--661",
  archivePrefix ="arXiv",
  eprint =	 "9903.028v1",
  primaryClass = "math-ph",
}







@Comment ###############################
GEOMETRIA NIEPRZEMIENNA I FIZYKA -- ARTYKUŁY
@Comment ###############################


@article{ GraciaBondiaNGCAndFundamentalInteractionsFirst10Years2002,
  author =	 {Jose M. Gracia-Bondia},
  title =	 {Noncommutative geometry and~fundamental
		  interactions: the~first ten years},
  year =	 2002,
  journal =	 {Annalen Phys.},
  volume =	 11,
  pages =	 {479-495},
  doi =		 {10.1142/S0217751X12600135},
  archivePrefix ={arXiv},
  eprint =	 {0206006v2},
  primaryClass = {hep-th},
}







@Comment #############################################################
HISTORIA NAUKI
@Comment #############################################################


@Comment ###############################
HISTORIA FIZYKI
@Comment ###############################


@article{ SchwingerGreeningQFT1993,
  author =	 {Julian Schwinger},
  title =	 {The~Greening~of Quantum Field Theory: George and~I},
  year =	 1993,
  journal =	 {{}},
  archivePrefix ={arXiv},
  eprint =	 {9310283v1},
  primaryClass = {hep-ph},
}


@article{ WittenEinsteinBergmann14,
  author =	 "E. Witten",
  title =	 {{A Note On Einsten, Bergmann, and the Fifth
		  Dimesion}},
  year =	 2014,
  archivePrefix ="arXiv",
  eprint =	 "1401.8048v1",
  primaryClass = "hist-ph",
  journal =	 {{}},
}







@Comment ###############################
NIEWIEM GDZIE TO DAĆ
@Comment ###############################


@article{ DateLecturesOnConstrainedSystems2010,
  author =	 {Ghanashyam Date},
  title =	 {Lectures on~Constrained Systems},
  journal =	 {{}},
  year =	 2010,
  archivePrefix ={arXiv},
  eprint =	 0403246,
  primaryClass = {hep-th},
}







@Comment #############################################################
NAUKOZNAWSTWO
@Comment #############################################################


@article{ WalczakCzyMozliwaJest16,
  author =	 {Monika Walczak},
  title =	 {Czy~możliwa jest wiedza interdyscyplinarna?},
  journal =	 {Zagadnienie naukoznawstwa. Kwartalnik},
  volume =	 {LII~zeszyt 1~(207)},
  pages =	 {113-126},
  year =	 2016,
}







@Comment #########################################
GENERAL RELATIVITY
@Comment #########################################


@article{ ElvangFigurasF07,
  author =	 "H. Elvang and P. Figuras",
  title =	 {Black Saturn},
  year =	 {{2007}},
  archivePrefix ="arXiv",
  eprint =	 "0701.035v2",
  primaryClass = "hep-th",
  journal =	 {{}},
}








@Comment ###############################
ALGEBRAICZNA QFT
@Comment ###############################


@article{ BrunettiDutchFredenhagenVerch09,
  author =	 {{R. Brunetti and M. D\"{u}tsch and K. Fredenhagen
		  and R. Verch}},
  title =	 {{Perturbative Algebraic Quantum Field Theory and the
		  Renormalization Groups}},
  archivePrefix ="arXiv",
  eprint =	 "0901.2038v2v1",
  primaryClass = "math-th",
  year =	 2009,
  journal =	 {{}},
}


@article{ BrunettiFredenhagen00,
  author =	 "R. Brunetti, K. Fredenhagen",
  title =	 {{Microlocal Analysis and Interacting Quantum Field
		  Theories: Renormalization on Physical Backgrounds}},
  year =	 2000,
  journal =	 "Commun. Math. Phys.",
  volume =	 208,
  pages =	 "623--661",
  archivePrefix ="arXiv",
  eprint =	 "9903.028v1",
  primaryClass = "math-ph",
}

@article{ BrunettiFredenhagen09,
  author =	 "R. Brunetti and K. Fredenhagen",
  title =	 {{Quantum Field Theory on Curved Backgrounds}},
  year =	 2009,
  archivePrefix ="arXiv",
  eprint =	 "0901.2063v1",
  primaryClass = "gr-qc",
  journal =	 {{}},
}


@article{ BrunettiFredenhagenVerch03,
  author =	 "R. Brunetti, K. Fredenhagen, R. Verch",
  title =	 {{The~Generally Covariant Locality Principle --~A~New
		  Paradigm for Local Quantum Field Theory}},
  year =	 2003,
  journal =	 "Commun. Math. Phys.",
  volume =	 237,
  pages =	 "31--68",
  archivePrefix ="arXiv",
  eprint =	 "0112.041v1",
  primaryClass = "math-th",
}


@article{ DimockAlgebrasLocalObservablesOnManifold1980,
  author =	 {Jonathan D Dimock},
  title =	 {Algebras~of local observables on~a~manifold},
  journal =	 {Commun. Math. Phys.},
  year =	 1980,
  volume =	 77,
  pages =	 {219--228},
}







@Comment #############################################################
TEORIA STRUN -- ARTYKUŁY
@Comment #############################################################


@article{ SchwarzStringTheoryEarlyYears2000,
  author =	 {John H.~Schwarz},
  title =	 {String Theory: The~Early Years},
  journal =	 {{}},
  year =	 2000,
  archivePrefix ={arXiv},
  eprint =	 {0007.118.v3},
  primaryClass = {hep-th},
}


@article{ SusskindDualSymmetricTheoryOfHadronsI1970,
  author =	 {Leonard Susskind},
  title =	 {Dual-Symmetric Theory~of Hadrons. --~I},
  journal =	 {Il~Nuovo Cimento},
  year =	 1970,
  volume =	 {LXIX A},
  pages =	 {457--496},
}







@Comment #############################################################
DZIWACZNE TEORIE FIZYCZNE -- ARTYKUŁY
@Comment #############################################################


@article{ MaldacenaLargeNLimitOfSuperconformalFieldTheories1999,
  author =	 {Juan Maldacena},
  title =	 {The~Large-$N$ Limit~of Superconformal Field Theories
                  and~Supergravity},
  journal =	 {International Journal of Theoretical Physics},
  year =	 1999,
  volume =	 38,
  pages =	 1113,
  doi =		 {https://doi.org/10.1023/A:1026654312961},
  archivePrefix ={arXiv},
  eprint =	 {9711200v3},
  primaryClass = {hep-th},
}







@Comment #############################################################
BIOFIZYKA -- ARTYKUŁY
@Comment #############################################################


@article{ EnglandStatisticalPhysicsOfSelfReplication2012,
  author =	 {Jeremy L. England},
  title =	 {Statistical Physics~of Self-Replication},
  journal =	 {{}},
  year =	 2012,
  doi =		 {10.1063/1.4818538},
  archivePrefix ={arXiv},
  eprint =	 {1209.1179},
  primaryClass = {physics.bio-ph},
}


@article{ MarslandEnglandFarFromEquilibrium2015,
  author =	 {Robert Marsland III and Jeremy England},
  title =	 {Far-from-Equilibrium Distribution from
		  Near-Steady-State Work Fluctuations},
  journal =	 {Phys. Rev. E},
  year =	 2015,
  volume =	 92,
  pages =	 052120,
  doi =		 {10.1103/PhysRevE.92.052120},
  archivePrefix ={arXiv},
  eprint =	 {1501.00238},
  primaryClass = {physics.bio-ph},
}


@article{ MarslandEnglandSpeedStrengthDissipationInBiologicalSelfAssem2018,
  author =	 {Marsland III, Robert and England, Jeremy},
  title =	 {Speed, strength and~dissipation in~biological
		  self-assembly},
  journal =	 {Phys. Rev. E},
  year =	 2018,
  volume =	 98,
  pages =	 022411,
  doi =		 {10.1103/PhysRevE.98.022411},
  archivePrefix ={arXiv},
  eprint =	 {1711.02172v1},
  primaryClass = {physics.bio-ph},
}


@article{ PerunovMarshlandEnglandStatiscticalPhysicsOfAdaptation2016,
  author =	 {Perunov, Nikolai and Marsland, Robert and England,
		  Jeremy},
  title =	 {Statistical Physics of Adaptation},
  journal =	 {Phys. Rev. X},
  year =	 2016,
  volume =	 6,
  archivePrefix ={arXiv},
  eprint =	 {1412.1875v1},
  primaryClass = {physics.bio-ph},
}


@article{ SarkarEnglandDesignConditionsForEmergenceOfSelfReplicators2017,
  author =	 {Sarkar, Sumantra and England, Jeremy L.},
  title =	 {Design~of conditions for~emergence~of
		  self-replicators},
  journal =	 {{}},
  year =	 2017,
  archivePrefix ={arXiv},
  eprint =	 {1709.09191v3},
  primaryClass = {cond-mat.soft},
}







@Comment #############################################################
HISTORIA NAUKI -- ARTYKUŁY
@Comment #############################################################


@Comment ###############################
HISTORIA QFT -- ARTYKUŁY
@Comment ###############################


@article{ ShirkovEvolutionOfBogoluibovRenormalizationGroup1999,
  author =	 {Dmitrij V. Shirkov},
  title =	 {Evolution~of~the Bogoluibov Renormalization Group},
  journal =	 {{}},
  year =	 1999,
  archivePrefix ={arXiv},
  eprint =	 {9909024v1},
  primaryClass = {hep-th},
}


@book{ Wim09,
  author =	 "E. Wimmer",
  title =	 {{Quantum Transport in Nanostructures: From
                  Computional Concepts to Spintronics in Graphene and
                  Magnetic Tunnel Junctions}},
  publisher =	 "Docupoint",
  volume =	 "",
%number   = "",
	%series   = "",
	%address  = "",
	edition   = "I",
        year      = "2009",
        %month    = "",
        %note     = ""
     }








@Comment ????????????????????????????????

@article{ HoppeHynekDiffeomorphismAlgebra2011,
  author =	 {Hoppe, Jens and Hynek, Mariusz},
  title =	 {Diffeomorphism Algebra Structure and Membrane
                  Theory},
  journal =	 {Analysis and Mathematical Physics},
  year =	 2011,
  month =	 08,
  volume =	 2,
  doi =		 {10.1007/s13324-012-0033-6},
  archivePrefix ={arXiv},
  eprint =	 {1108.4248},
  primaryClass = {math-ph},
}
