@Comment #############################################################
@Comment #############################################################
MATEMATYKA I INFORMATYKA -- ARTYKUŁY
@Comment #############################################################
@Comment #############################################################



@Comment #############################################################
@Comment #############################################################
MATEMATYKA -- ARTYKUŁY
@Comment #############################################################
@Comment #############################################################



@Comment #############################################################
ANALIZA MATEMATYCZNA -- ARTYKUŁY
@Comment #############################################################


@article{ PiyadasaArachchiExactFormulaSumBesselFunctions2008,
  author =	 {R. A. D. Piyadasa, D. K. Mallawa Arachchi},
  title =	 {Exact Formula for the~Sum~of The~Squares~of
		  the~Bessel Function and~the~Neumann Function~of
		  the~Same Order of Half-Odd Integer},
  year =	 2008,
  journal =	 {J Sci. Univ. Kelaniya},
  volume =	 4,
  pages =	 15-20,
}







@Comment ###############################
TEORIA MIARY I CAŁKI -- ARTYKUŁY
@Comment ###############################









@Comment #############################################################
RÓWNANIA RÓŻNICZKOWE CZĄSTKOWE -- ARTYKUŁY
@Comment #############################################################


@article{ InciWellPosednessIncompressibleEulerEquation2013,
  author =	 {Hans Inci},
  title =	 {On~the~Well-posedness~of the~Incompressible Euler
                  Equation},
  journal =	 {{}},
  year =	 2013,
  archivePrefix ={arXiv},
  eprint =	 {1301.5597},
  primaryClass = {math.AP},
  note =	 {PhD thesis},
}







@Comment #############################################################
ANALIZA FUNKCJONALNA -- ARTYKUŁY
@Comment #############################################################


@article{ GowersMaureyUnconditionalBasicSequenceProblem1992,
  author =	 {W. T. Gowers, Bernard Maurey},
  title =	 {The~unconditional basic sequence problem},
  year =	 1992,
  journal =	 {{}},
  archivePrefix ={arXiv},
  eprint =	 {9205204v1},
  primaryClass = {math.FA},
}







@Comment ###############################
TEORIA OPERATORÓW -- ARTYKUŁY
@Comment ###############################


@article{ WojtylakOnDeterminingDomaninOfAdjointOperator2011,
  author =	 {Michal Wojtylak},
  title =	 {On~determining the~domain~of the~adjoint operator},
  year =	 2011,
  journal =	 {{}},
  archivePrefix ={arXiv},
  eprint =	 {1102.4969v2},
  primaryClass = {math.FA},
}







@Comment #############################################################
GEOMETRIA RÓŻNICZKOWA -- ARTYKUŁY
@Comment #############################################################


@article{ BiswasEtAlOnFormalityOfKahlerOrbiforldAndSasakian20014,
  author =	 {Indranil Biswas, Marisa Ferna{\'{a}}ndez, Vicente
                  Mu{\~{n}}oz, and Aleksy Tralle},
  title =	 {On~Formality~of K{\"{a}}hler Orbifolds and~Sasakian
                  Manifold},
  journal =	 {{}},
  year =	 2014,
  archivePrefix ={arXiv},
  eprint =	 {1402.6861},
  primaryClass = {math.DG},
}


@article{ HitchinModuliSpaceOfSpecialLagrangianSubmanifolds1997,
  author =	 {Nigel Hitchin},
  title =	 {The moduli space of special Lagrangian submanifolds},
  journal =	 {Annali Scuola Sup. Norm. Pisa Sci. Fis. Mat.},
  year =	 1997,
  volume =	 25,
  pages =	 503-515,
  archivePrefix ={arXiv},
  eprint =	 {9711002v1},
  primaryClass = {math.DG},
}







@Comment ###############################
FORMY RÓŻNICZKOWE -- ARTYKUŁY
@Comment ###############################


@article{ HarrsionStoker1993,
  author =	 {Harrison, Jenny},
  title =	 {Stokes' theorem for nonsmoot chains},
  year =	 1993,
  journal =	 {Bull. Amer. Math. Soc. (N. S.)},
  volume =	 29,
  issue =	 2,
  pages =	 {235-242},
  archivePrefix ={arXiv},
  eprint =	 {9310231v1},
  primaryClass = {math.DG},
}







@Comment ###############################
POWIERZCHNIE MINIMALNE -- ARTYKUŁY
@Comment ###############################


@article{ MarquesNevesMinMaxWillmoreConjecture2014,
  author =	 {Marques, Fernando C. and Neves, Andr\acute{e}},
  title =	 {Min-Max theory and~the~Willmore conjecture},
  year =	 2012,
  journal =	 {Annals~of Mathematics},
  volume =	 179,
  issue =	 2,
  pages =	 683-782,
  archivePrefix ={arXiv},
  eprint =	 {1202.6036v2},
  primaryClass = "math-DG",
}







@Comment #############################################################
TEORIA ERGODYCZNA -- ARTYKUŁY
@Comment #############################################################


@article{ AvilaBochiFormulaApplicationsToLyapunovExponents2002,
  author =	 {Artur Avila and Jairo Bochi},
  title =	 {Practical Black-Box Attacks against Machine
                  Learning},
  year =	 2002,
  journal =	 {Isr. J. Math.},
  volume =	 131,
  pages =	 {125-137},
  doi =		 {10.1007/BF02785853},
  archivePrefix ={arXiv},
  eprint =	 0104103,
  primaryClass = {math.DS},
}







@Comment #############################################################
GEOMETRIA NIEPRZEMIENNA -- ARTYKUŁY
@Comment #############################################################


@article{ ConnesShortSurveyOfNCG2000,
  author =	 {Connes, Alain},
  title =	 {A~Short Survey~of Noncommutative Geometry},
  year =	 2000,
  journal =	 {J. Math. Phys.},
  volume =	 41,
  pages =	 3832-3866,
  archivePrefix ={arXiv},
  eprint =	 {0003006v1},
  primaryClass = {hep-th},
}







@Comment #############################################################
HISTORIA I FILOZOFIA MATEMATYKI
@Comment #############################################################


@article{ BorovikKatzCouchyWeierstrassTale2012,
  author =	 {Borovik, Alexandre and Katz, Mikhail G.},
  title =	 {Who Gave you the~Cauchy-Weierstrass Tale? The~Dual
		  History~of Rigorous Calculus},
  year =	 2012,
  journal =	 {Foundations of Science},
  volume =	 17,
  issue =	 3,
  pages =	 245--276,
  doi =		 {10.1007/s10699-011-9235-x},
  archivePrefix ={arXiv},
  eprint =	 {1108.2885v3},
  primaryClass = {math.HO},
}







@Comment #############################################################
PROGRAMY BADAŃ MATEMATYCZNYCH -- ARTYKUŁY
@Comment #############################################################


@Comment ###############################
PROGRAM ERLANGSKI KLEINA
@Comment ###############################


@article{ KisilErlangenErlangenProgramAtLargeTwo2007,
  author =	 {Vladimir V. Kisil},
  title =	 {Erlangen Program at~Large --~2: Inventing a~wheel.
		  The~parabolic one},
  journal =	 {Trans. Inst. Math. of the NAS of Ukraine},
  year =	 2007,
  volume =	 7,
  issue =	 2,
  pages =	 89--98,
  archivePrefix ={arXiv},
  eprint =	 {0707.4024v1},
  primaryClass = {math.GM},
}







@Comment #############################################################
ARTIFICIAL INTELLIGENCE
@Comment #############################################################



@Comment ###############################
MACHINE LEARNING
@Comment ###############################


@article{ PapernotEtAlPracticalBlackBoxAttacksML2017,
  author =	 {Papernot, Nicolas and McDaniel, Patrick and
		  Goodfellow, Ian and Jha, Somesh and Celik, Z.~Berkay
		  and Swami, Ananthram},
  title =	 {Practical Black-Box Attacks against Machine
		  Learning},
  year =	 2017,
  journal =	 {{}},
  archivePrefix ={arXiv},
  eprint =	 {1602.02697v4},
  primaryClass = {cs.CR},
}







@Comment #############################################################
Nie umiem sklasyfikować
@Comment #############################################################
