@Comment #############################################################
@Comment #############################################################
POLSKA KULTURA
@Comment #############################################################
@Comment #############################################################


@book{ ArcydzielaLiteraturyPolskiejTomII88,
  author =	 "Red. S. Grzeszczuka and A. Niewolak\dywiz Krzywda",
  title =	 {{Arcydzieła Literatury Polskiej}},
  address =	 "Rzeszów",
  publisher =	 "Krajowa Agencja Wydawnicza",
  year =	 1988,
  volume =	 {{II}},
}


@book{ KaniewskaLegezynskaSliwinski05,
  author =	 "B. Kaniewska, A. Legeżyńska, P. Śliwiński",
  title =	 {{Literatura polska XX wieku}},
  publisher =	 {{Wydawnictwo Poznańskie}},
  address =	 "Poznań",
  year =	 2005,
}

@book{ SokolowskiKrolDuchSlowackiego04,
  author =	 "Mikołaj Sokołowski",
  title =	 {{,,Król Duch'' Juliusza Słowackiego a~epopeja
		  słowiańska}},
  publisher =	 {{Instytut Badań Literackich PAN}},
  address =	 "Warszawa",
  edition =	 {{I}},
  year =	 2004,
}

@book{ DaliMysliIAnegdoty03,
  author =	 "Salvador Dali",
  title =	 {{Myśli i~anegdoty}},
  publisher =	 {{,,Książnica'' sp.~z~o.o.}},
  address =	 {{Katowice}},
  year =	 2003,
  edition =	 {{I}},
  note =	 {{Tłum. z~francuskiego Bożena Sęk}},
}



@book{ HahnWDomuNajlepiej09,
  author =	 "Scott Hahn and Kimberly Hahn",
  title =	 {{W~domu najlepiej. Nasza droga do Kościoła
		  katolickiego}},
  publisher =	 {{Wydawnictwo Księży Marianów MIC}},
  address =	 {{Warszawa}},
  year =	 2009,
  edition =	 {{II}},
}

@book{ InterdyscyplinarneGenezaKapitalizmuTomI89,
  author =	 "Redaktorzy naukowi tomu: Adam Czarnota, Kazimierz
		  Wajda, Andrzej Zybertowicz",
  title =	 {{Interdyscyplinarne studia nad genezą kapitalizmu.
		  Tom I. Interpretacje: prezentacje i~krytyka}},
  publisher =	 {{Uniwersytet Mikołaja Kopernika w~Trouniu}},
  address =	 {{Toruń}},
  year =	 {{1989}},
  edition =	 {{I}},
  series =	 {{Acta Universitatis Nicolai Copernici}},
}

@book{ KarlowiczSokratesIInniSwieci05,
  author =	 "Dariusz Karłowicz",
  title =	 {{Sokrates i~inni święci. O~postawie starożytnych
		  chrześcijan wobec rozumu i~filozofii}},
  publisher =	 {{Fronda, Ośrodek Myśli Politycznej}},
  address =	 {{Warszawa}},
  year =	 2005,
  edition =	 {{I}},
}

@book{ KrasnodebskiPostrmoderinstyczneRozterkiKultury1996,
  author =	 "Zdzisław Krasnodębski",
  title =	 {{Postmodernistyczne rozterki kultury}},
  publisher =	 {{Oficyna Naukowa}},
  address =	 {{Warszawa}},
  year =	 1996,
  edition =	 {{I}},
  series =	 {{Terminus}},
  volume =	 {{8}},
}

@book{ KrasnodebskiDrzemkaRozsadnych2006,
  author =	 "Zdzisław Krasnodębski",
  title =	 {{Drzemka rozsądnych. Zebrane eseje i~szkice}},
  publisher =	 {{Ośrodek Myśli Politycznej. Wyższa Szkoła Europejska
                  im.~ks.~Józefa Tischnera.}},
  address =	 "Kraków",
  year =	 2006,
  edition =	 {{I}},
  series =	 {{Biblioteka Myśli Politycznej}},
  volume =	 {{47}},
}

@book{ KrasnodebskiWiekszegoCuduNieBedzie2011,
  author =	 "Zdzisław Krasnodębski",
  title =	 {{Większego cudu nie będzie. Zebrane eseje
		  i~szkice~IV}},
  publisher =	 {{Ośrodek Myśli Politycznej}},
  address =	 {{Kraków}},
  year =	 2011,
  edition =	 {{I}},
}

@book{ KrasnodebskiZwyciezcaPoPrzejsciach2012,
  author =	 "Zdzisław Krasnodębski",
  title =	 {{Zwycięzca po przejściach: zebrane eseje
		  i~szkice~V}},
  publisher =	 {{Ośrodek Myśli Politycznej}},
  address =	 {{Kraków}},
  year =	 2012,
  edition =	 {{I}},
}

@book{ LewisOdrzuconyObraz2008,
  author =	 "Clive Staples Lewis",
  title =	 {{Odrzucony obraz. Wprowadzenie do~literatury
		  średniowiecznej i~renesansowej}},
  publisher =	 {{Wydawnictwo ZNAK}},
  address =	 {{Kraków}},
  year =	 2008,
  edition =	 {{II}},
}

@book{ SokalBricmontModneBzdury04,
  author =	 "Alan Sokal and Jean Bricmont",
  title =	 {{Modne bzdury. O~nadużywaniu pojęć z~zakresu nauk
		  ścisłych przez postmodernistycznych
		  intelektualistów}},
  publisher =	 "Prószyński i~S\dywiz ka",
  year =	 2004,
  address =	 "Warszawa",
  edition =	 {{II?}},
}

@Comment @book{ ThornHillaryIBillClintonowieTomI16,
@Comment   author =	 "Victor Thorn",
@Comment   title =	 {{Tomasz Mann. Dzieje rozwoju osobowości twórczej}},
@Comment   publisher =	 {{Instytut Wydawniczy PAX}},
@Comment   address =	 "Warszawa",
@Comment   edition =	 {{I}},
@Comment   year =	 1975,
@Comment }





@Comment ##############################################################
@Comment ##############################################################
KULTURA GRIER VIDEO
@Comment ##############################################################
@Comment ##############################################################









@Comment ###############################
DZIEJE LAT PO 1914 R.
@Comment ###############################




















@Comment #############################################################
@Comment #############################################################
JĘZYKI
@Comment #############################################################
@Comment #############################################################







@article{ FredenhagenRejzner12,
  author =	 "K. Fredenhagen and K. Rejzner",
  title =	 {{Perturbative algebraic quantum field theory}},
  year =	 2012,
  archivePrefix ="arXiv",
  eprint =	 "1208.1428v2",
  primaryClass = "hep-th",
  journal =	 {{}},
}







@Comment ###############################
INNE. NIEUPORZĄDKOWANE.
@Comment ###############################


@article{ Chan01,
  author =	 {{H. B. Chan and V. A. Aksyuk and R. N. Kleiman and
		  D. J. Bishop and Federico Capasso}},
  title =	 {{Quantum Mechanical Actuation of
		  Microelectromechanical Systems by the Casimir
		  Force}},
  year =	 2001,
  journal =	 "Science",
  volume =	 297,
  pages =	 1941
}

@article{ Kus12,
  author =	 "P. Kusek",
  year =	 2012,
  title =	 {{Transformacje Bogolubowa w układach kwantowych}},
  journal =	 {{}},
  volume =	 {{}},
  pages =	 {{}},
}

@article{ SWM98,
  author =	 {{F. Michael Serry and Dirk Walliser and G. Jordan
		  Maclay}},
  title =	 {{The role of the casimir effect in the static
		  deflection and stiction of membrane strips in
		  microelectromechanical systems (MEMS)}},
  year =	 1998,
  journal =	 "J. Appl. Phys.",
  volume =	 84,
  pages =	 2501
}

@article{ Sparnaay58,
  author =	 "M. J. Sparnaay",
  title =	 {{Measurements of attractive forces between flat
		  plates}},
  journal =	 "Physica",
  volume =	 24,
  pages =	 {{751--764}},
  year =	 1958,
}





@Comment ###############################
HISTORIA I FILOZOFIA NAUKI
@Comment ###############################


@article{ WalczakCzyMozliwaJest16,
  author =	 "Monika Walczak",
  title =	 {{Czy~możliwa jest wiedza interdyscyplinarna?}},
  journal =	 {{Zagadnienie naukoznawstwa. Kwartalnik}},
  volume =	 {{LII~zeszyt 1~(207)}},
  pages =	 {{113--126}},
  year =	 2016,
}

@article{ WittenEinsteinBergmann14,
  author =	 "E. Witten",
  title =	 {{A Note On Einsten, Bergmann, and the Fifth
		  Dimesion}},
  year =	 2014,
  archivePrefix ="arXiv",
  eprint =	 "1401.8048v1",
  primaryClass = "hist-ph",
  journal =	 {{}},
}





@Comment ###############################
ARTYKUŁY RÓŻNE
@Comment ###############################


@article{ Madela122,
  author =	 "Andrzej Madela",
  title =	 {{W~cieniu Norymbergi. Niemcy Zachodnie lat
		  1945--1955 wobec denazyfikacji}},
  journal =	 "ARCANA",
  volume =	 122,
  pages =	 {{74--92}},
  year =	 2015,
}

@article{ Tisonczyk123,
  author =	 "Tomasz Tisończyk",
  title =	 {{\emph{Haiku} na~zaliczenie}},
  year =	 2015,
  journal =	 "ARCANA",
  volume =	 123,
  pages =	 {{180--186}},
}

@article{ Zachenter124,
  author =	 "Anna Zachenter",
  title =	 {{Wrzesień 1939 roku w~oczach współczesnych Niemców}},
  journal =	 "ARCANA",
  volume =	 124,
  pages =	 {{54--64}},
  year =	 2015,
}

@article{ AKarc124,
  author =	 "Agnieszka Kurnik",
  title =	 {{,,Gra resztkami'' jako substytut kultury}},
  journal =	 "ARCANA",
  volume =	 124,
  pages =	 {{102--112}},
  year =	 2015,
}

@article{ Gruchala125,
  author =	 "Wojciech Gruchała",
  title =	 {{Kiedy przestaliśmy czytać Żeromskiego?}},
  year =	 2015,
  journal =	 "ARCANA",
  volume =	 125,
  pages =	 {{18--30}},
}

@article{ Gabis125,
  author =	 "Tomasz Gabiś",
  title =	 {{Powitajmy uchodźców z~Europy Zachodniej!}},
  year =	 2015,
  journal =	 "ARCANA",
  volume =	 125,
  pages =	 {{52--63}},
}

@article{ Tolczyk125,
  author =	 "Dariusz Tołczyk",
  title =	 {{Dlaczego Sołżenicyn? Spóźnione odkrycie Gułagu
		  na~Zachodzie.}},
  journal =	 "ARCANA",
  volume =	 125,
  pages =	 {{111--136}},
  year =	 2015,
}





@Comment #############################################################
@Comment #############################################################
LITERATURA
@Comment #############################################################
@Comment #############################################################


@book{ BaranczakAntologiaAngielskiejPozejiMetafizycznej82,
  author =	 "Stanisław Barańczak",
  title =	 {{Antologia angielskiej poezji metafizycznej XVII
  stulecia}},
  publisher =	 {{Państwowy Instytytu Wydawniczy}},
  address =	 {{Warszawa}},
  year =	 1982,
  edition =	 {{I}},
}

@book{ ChestertonCzlowiekKtoryBylCzwartkiem08,
  author =	 "Gilbert Keith Chesterton",
  title =	 {{Człowiek, który był czwartkiem}},
  publisher =	 {{FRONDA PL sp. z o. o.}},
  address =	 {{Warszawa}},
  year =	 2008,
  edition =	 {{I}},
}

@book{ ChmielewskiZlotaKsiegaPrzygod02,
  author =	 "Henryk Jerzy Chmielewski",
  title =	 {{Tytus Romek i~A'Tomek. Złota księga przygód}},
  publisher =	 {{Prószyński i~S\dywiz ka}},
  address =	 {{Warszawa}},
  year =	 2008,
  edition =	 {{I}},
}


@book{ EisnerUmowaZBogiem2007,
  author =	 "Will Eisner",
  title =	 {{Trylogia Umowa z~Bogiem. Życie na~Dropsie Avenue}},
  publisher =	 {{Egmont Polska}},
  address =	 {{Warszawa}},
  year =	 2007,
  edition =	 {{I}},
  note =	 {{Tłum. Jacek Drewnowski}},
}

@book{ EisneNowyYork2008,
  author =	 "Will Eisner",
  title =	 {{Nowy York. Życie w~wielki mieście}},
  publisher =	 {{Egmont Polska}},
  address =	 {{Warszawa}},
  year =	 2008,
  edition =	 {{I}},
}

@book{ EisneSpirit2009,
  author =	 "Will Eisner",
  title =	 {{Spirit. Najlepsze opowieści}},
  publisher =	 {{Egmont Polska}},
  address =	 {{Warszawa}},
  year =	 2009,
  edition =	 {{I}},
}

@book{ EisnerZycieWObrazkach2009,
  author =	 "Will Eisner",
  title =	 {{Życie w~obrazkach. Opowieści autobiograficzne}},
  publisher =	 {{Egmont Polska}},
  address =	 {{Warszawa}},
  year =	 2009,
  edition =	 {{I}},
}



@book{ MannDoktorFaustus2002,
  author =	 "Tomasz Mann",
  title =	 {{Doktor Faustus. Żywot niemieckiego kompozytora
		  Adriana Leverk\"{u}hna opowiedziany przez jego
		  przyjaciela}},
  publisher =	 {{Porozumienie Wydawców}},
  address =	 {{Kraków}},
  year =	 2002,
  edition =	 {{I}},
}

@book{ MickiewiczKsiegaNaroduPolskieg2004,
  author =	 "Adam Mickiewicz",
  title =	 {{Księgi narodu polskiego i~pielgrzymstwa polskiego}},
  publisher =	 {{Zakład Narodowy im. Ossolińskich}},
  address =	 {{Wrocław}},
  year =	 2004,
  edition =	 {{}},
}

@book{ MickiewiczMysliZdaniaIUwagi2000,
  author =	 "Adam Mickiewicz",
  title =	 {{Myśli, zdania i~uwagi}},
  publisher =	 "Prószyński i~S\dywiz ka",
  address =	 {{Warszawa}},
  year =	 2000,
  edition =	 {{I}},
}

@book{ PrattCoroMalteseBalladaOSlonymMorzu2004,
  author =	 "Hugo Pratt",
  title =	 {{Corto Maltese. Ballada o~słonym morzu}},
  publisher =	 {{Wydawnictwo POST}},
  address =	 {{Kraków}},
  year =	 2004,
  edition =	 {{I}},
  note =	 {{Tłumaczenie z~języka włosckiego: Monika Gurgul.
		  Opracownie graficzne i~liternictwo: Joanna
		  Holeksa\dywiz Szłapa}}
}














@Comment #############################################################
@Comment #############################################################
ARTYKUŁY
@Comment #############################################################
@Comment #############################################################


@Comment #############################################################
FIZYKA ARTYKUŁY
@Comment #############################################################



@Comment #####################
EFEKT CASIMIRA TEORIA -- ARTYKUŁY
@Comment #####################

@article{ CasimirOnTheAttractionBetween1948,
  author =	 "Casimir, H. B. G.",
  title =	 "{On the Attraction Between Two Perfectly Conducting
		  Plates}",
  journal =	 "Indag. Math.",
  year =	 "1948",
  volume =	 "10",
  pages =	 "261-263",
  note =	 "[Kon. Ned. Akad. Wetensch. Proc.100N3-4,61(1997)]",
  SLACcitation = "%%CITATION = IMTHB,10,261;%%"
}

@article{ HerdegenQuantumBackreationI2005,
  author =	 "Andrzej Herdegen",
  title =	 {{Quantum backreaction (Casimir) effect~I. What are
		  admissible idealizations?}},
  journal =	 "Ann. Henri Poincare",
  year =	 2005,
  volume =	 6,
  pages =	 {{657--695}},
  doi =		 {https://doi.org/10.1007/s00023-005-0219-7},
  archivePrefix ="arXiv",
  eprint =	 "0412.132v1",
  primaryClass = "hep-th",
  SLACcitation = "%%CITATION = ARXIV:0412.132v1;%%"
}

@article{ HerdegenStopaGlobalVsLocal2010,
  author =	 "Andrzej Herdegen and Mariusz Stopa",
  title =	 {{Global vs local Casimir effect}},
  journal =	 {{Ann. Henri Poincare}},
  year =	 2010,
  volume =	 11,
  pages =	 {{1171--1200}},
  doi =		 {https://doi.org/10.1007/s00023-010-0053-4},
  archivePrefix ="arXiv",
  eprint =	 "1007.2139v1",
  primaryClass = "hep-th",
  SLACcitation = "%%CITATION = ARXIV:1007.2139v1;%%"
}

@article{ JancoviciSamajCasimirForce2005,
  author =	 "B. Jancovici and L. Samaj",
  title =	 {{Casimir force between two ideal-conductor walls
		  revisited}},
  journal =	 {EPL (Europhysics Letters)},
  year =	 2005,
  volume =	 72,
  number =	 1,
  pages =	 35,
  url =		 {http://stacks.iop.org/0295-5075/72/i=1/a=035},
}







@Comment #####################
EFEKT CASIMIRA EKSPERYMENTY -- ARTYKUŁY
@Comment #####################


@article{ LambrechtReynaudCasimirEffect2012,
  author =	 "Astrid Lambrech and Serge Reynaud",
  title =	 {{Casimir Effect: Theory and Experiments}},
  journal =	 "Internationa Journual~of Modern Physics~A",
  year =	 2012,
  volume =	 27,
  number =	 15,
  doi =		 {https://doi.org/10.1142/S0217751X12600135},
  archivePrefix ="arXiv",
  eprint =	 "1112.1301",
  primaryClass = "quant-ph",
  SLACcitation = "%%CITATION = ARXIV:1112.1301;%%"
}





@Comment #####################
EFEKT CASIMIRA TEORIA -- PRACE PRZEGLĄDOWE
@Comment #####################









@Comment #########################################
TEORIA STRUN
@Comment #########################################


@article{ Schwarz00,
  author =	 "John H.~Schwarz",
  title =	 {{String Theory: The~Early Years}},
  year =	 {{2000}},
  archivePrefix ="arXiv",
  eprint =	 "0007.118.v3",
  primaryClass = "hep-th",
  journal =	 {{}},
}

@article{ Susskind70,
  author =	 "L. Susskind",
  title =	 {{Dual-Symmetric Theory~of Hadrons. --~I}},
  year =	 {{1970}},
  journal =	 {{Il~Nuovo Cimento}},
  volume =	 "LXIX A",
  pages =	 {{457--496}},
}





@Comment #########################################
GENERAL RELATIVITY
@Comment #########################################


@article{ ElvangFigurasF07,
  author =	 "H. Elvang and P. Figuras",
  title =	 {{Black Saturn}},
  year =	 {{2007}},
  archivePrefix ="arXiv",
  eprint =	 "0701.035v2",
  primaryClass = "hep-th",
  journal =	 {{}},
}





@article{ Carter68,
  author =	 "B. Carter",
  title =	 {{Hamilton-Jacobi and Schrodinger Separable Solutions
		  of Einstein's Equation}},
  journal =	 "Commun. math. Phys.",
  year =	 1968,
  volume =	 10,
  pages =	 "280--310"
}

@article{ DBHPS08,
  author =	 {{G. H. E. Duchamp and P. Blasiak and A. Horzela and
		  K. A. Penson and A. I. Solomon}},
  title =	 {{Hopf Algebras in General and in Combinatorial
		  Physics: a practical introduction}},
  archivePrefix ="arXiv",
  eprint =	 "0802.0249v1",
  primaryClass = "quant-ph",
  year =	 2008,
  journal =	 {{}},
}

@article{ FermiPizzocchero17,
  author =	 {{Davide Fermi, Livio Pizzocchero}},
  title =	 {{Local Casimir Effet for~a~Scalar Field
		  in~Presence~of a~Point Impurity}},
  year =	 2017,
  journal =	 {{}},
  volume =	 {{}},
  pages =	 {{}},
  archivePrefix ={{arXiv}},
  eprint =	 {{1712.10039}},
  primaryClass = {{math-ph}},
}

@article{ GraciaBondia03,
  author =	 "J. M. Gracia-Bondia",
  title =	 {{Improved Epstein-Glaser renormalization in
		  coordinate space I. Euclidean framework}},
  year =	 2003,
  journal =	 "Math. Phys. Anal. Geom",
  volume =	 6,
  pages =	 "59--88",
  archivePrefix ="arXiv",
  eprint =	 "0202.023v1",
  primaryClass = "hep-th",
}

@article{ SummersPrespectiveOnConstructiveQFT12,
  author =	 "Stephen J. Summers",
  year =	 2012,
  title =	 {{A Perspective on Constructive Quantum Field
		  Theory}},
  archivePrefix ="arXiv",
  eprint =	 "1203.3991v1",
  primaryClass = "math-ph",
  journal =	 {{}},
}







@Comment ###############################
ALGEBRAICZNA QFT
@Comment ###############################


@article{ BrunettiDutchFredenhagenVerch09,
  author =	 {{R. Brunetti and M. D\"{u}tsch and K. Fredenhagen
		  and R. Verch}},
  title =	 {{Perturbative Algebraic Quantum Field Theory and the
		  Renormalization Groups}},
  archivePrefix ="arXiv",
  eprint =	 "0901.2038v2v1",
  primaryClass = "math-th",
  year =	 2009,
  journal =	 {{}},
}

@article{ BrunettiFredenhagen00,
  author =	 "R. Brunetti, K. Fredenhagen",
  title =	 {{Microlocal Analysis and Interacting Quantum Field
		  Theories: Renormalization on Physical Backgrounds}},
  year =	 2000,
  journal =	 "Commun. Math. Phys.",
  volume =	 208,
  pages =	 "623--661",
  archivePrefix ="arXiv",
  eprint =	 "9903.028v1",
  primaryClass = "math-ph",
}

@article{ BrunettiFredenhagen09,
  author =	 "R. Brunetti and K. Fredenhagen",
  title =	 {{Quantum Field Theory on Curved Backgrounds}},
  year =	 2009,
  archivePrefix ="arXiv",
  eprint =	 "0901.2063v1",
  primaryClass = "gr-qc",
  journal =	 {{}},
}

@article{ BrunettiFredenhagenVerch03,
  author =	 "R. Brunetti, K. Fredenhagen, R. Verch",
  title =	 {{The~Generally Covariant Locality Principle --~A~New
		  Paradigm for Local Quantum Field Theory}},
  year =	 2003,
  journal =	 "Commun. Math. Phys.",
  volume =	 237,
  pages =	 "31--68",
  archivePrefix ="arXiv",
  eprint =	 "0112.041v1",
  primaryClass = "math-th",
}
