xAQFT


@article{ RBMDKFPAQFTRG,
	author  = {{R. Brunetti, M. D\"{u}tsch, K. Fredenhagen, R. Verch}},
	year    = "2009",
	title   = {{Perturbative Algebraic Quantum Field Theory and the Renormalization Groups}},
	%journal = "Commun. Math. Phys.",
	%volume  = "237",
	%pages   = "31--68",
	archivePrefix = "arXiv",
     	eprint        = "0901.2038v2v1",
     	primaryClass  = "math-th",
     }

@article{ RBKFQFTCB,
	author  = {{R. Brunetti, K. Fredenhagen}},
	year    = "2000",
	title   = {{Microlocal Analysis and Interacting Quantum Field Theories: Renormalization on Physical Backgrounds}},
	journal = "Commun. Math. Phys.",
	volume  = "208",
	pages   = "623--661",
	archivePrefix = "arXiv",
     	eprint        = "9903.028v1",
     	primaryClass  = "math-ph",
     }

@article{ RBKFQFTCB,
	author  = {{R. Brunetti, K. Fredenhagen}},
	year    = "2009",
	title   = {{Quantum Field Theory on Curved Backgrounds}},
	%journal = "Commun. Math. Phys.",
	%volume  = "237",
	%pages   = "31--68",
	archivePrefix = "arXiv",
     	eprint        = "0901.2063v1",
     	primaryClass  = "gr-qc",
     }

@article{ RBKFRVGCLP,
	author  = {{R. Brunetti, K. Fredenhagen, R. Verch}},
	year    = "2003",
	title   = {{The Generally Covariant Locality Principle -- A New Paradigm for Local Quantum Field Theory}},
	journal = "Commun. Math. Phys.",
	volume  = "237",
	pages   = "31--68",
	archivePrefix = "arXiv",
     	eprint        = "0112.041v1",
     	primaryClass  = "math-th",
     }

@article{ DBPSQE,
	author  = {{D. Buchholz}},
	year    = "1982",
	title   = {{The Physical State Space of Quantum Electrodynamics}},
	journal = "Commun. Math. Phys.",
	volume  = "85",
	pages   = "49--71"
     }


Inne. NieuporzÄ…dkowane.
