@book{ WajnertPrzygodyZMachefim87,
  author =	 "Włodzimierz Wajnert",
  title =	 {{Przygody z~Machefim}},
  publisher =	 {{Wydawnictwo Czasopism i~Książek Technicznych
		  NOT-SIGMA}},
  address =	 {{Warszawa}},
  year =	 1987,
  edition =	 {{I}},
}

@book{ YauNadisGeometriaTeoriiStrun12,
  author =	 "Shing-Tung Yau and Steve Nadis",
  title =	 {{Geometria teorii strun. Ukryte wymiary
		  przestrzeni}},
  publisher =	 {{Prószyński i~S\dywiz ka}},
  address =	 {{Warszawa}},
  year =	 2012,
  edition =	 {{I}},
  note =	 {{Tłum. Bogumił Bieniok i~Ewa L.~Łokas}},
}











@Comment #############################################################
@Comment #############################################################
INFORMATYKA
@Comment #############################################################
@Comment #############################################################


@book{ Grebosz06,
  author =	 {{J. Gr\k{e}bosz}},
  title =	 {{Symfonia C++ standard}},
  publisher =	 {{EDITION 2000}},
  address =	 "Kraków",
  edition =	 {{II}},
  year =	 2006,
}

@book{ Gre08a,
  author =	 "J. Grebosz",
  title =	 {{Symfonia C++ standard}},
  publisher =	 {{EDITION 2000}},
  address =	 {{Kraków}},
  year =	 2008,
  edition =	 {{III B --~rozszerzone i~poprawione}},
  volume =	 {{I}},
}

@book{ Gre08b,
  author =	 "Jacek Gr\k{e}bosz",
  title =	 {{Symfonia C++ standard}},
  publisher =	 {{EDITION 2000}},
  address =	 {{Kraków}},
  year =	 2008,
  edition =	 {{III B -- rozszerzone i~poprawione}},
  volume =	 {{II}},
}

@book{ KR01,
  author =	 "B. W. Kernighan and D. M. Ritchie",
  title =	 {{Jezyk ANSI C}},
  publisher =	 {{Wydawnictwo Naukowo\dywiz Techniczne}},
  address =	 {{Warszawa}},
  year =	 2001,
  edition =	 {{VI}},
}

@book{ OsheroveTestyJednostkowe14,
  author =	 "Roy Osherove",
  title =	 {{Testy jednostkowe. Świat niezawodnych aplikacji}},
  publisher =	 {{Helion}},
  address =	 {{Gliwice}},
  year =	 2014,
  edition =	 {{II}},
  note =	 {{Tłum. Radosław Meryk}},
}

@book{ PetersenMasteringEmacs15,
  author =	 "Mickey Petersen",
  title =	 {{Mastering Emacs}},
  publisher =	 {{https://www.masteringemacs.org/book}},
  address =	 {{}},
  year =	 2016,
  edition =	 {{II}},
}





@Comment #############################################################
@Comment #############################################################
HISTORIA POLSKI
@Comment #############################################################
@Comment #############################################################

@book{ DaviesBozeIgrzysko10,
  author =	 "Norman Davies",
  title =	 {{Boże igrzysko. Historia Polski}},
  publisher =	 {{Wydawnictwo ZNAK}},
  address =	 {{Kraków}},
  year =	 2010,
  edition =	 {{VII --~poszerzone}},
  note =	 {{Przekład autoryzowany Elżbieta Tabakowska}},
}

@book{ DaviesSerceEuropy14,
  author =	 "Norman Davies",
  title =	 {{Serce Europy}},
  publisher =	 {{Wydawnictwo ZNAK}},
  address =	 {{Kraków}},
  year =	 2014,
  edition =	 {{I}},
}

@book{ ButterwickPolskaRewolucjaAKosciolKatolicki12,
  author =	 "Richard Butterwick",
  title =	 {{Polska Rewolucja a~Kościół Katolicki 1788--1792}},
  publisher =	 {{Wydawnictwo ARCANA}},
  address =	 {{Kraków}},
  year =	 2012,
  edition =	 {{I}},
}

@book{ DlugoszRocznikiTomI09,
  author =	 "Jan Długosz",
  title =	 {{Jana Długosza Roczniki czyli Kroniki Sławnego
		  Królestwa Polskiego. Ks.~1, Ks.~2, do~1038}},
  publisher =	 {{Wydawnictwo Naukowe PWN}},
  address =	 {{Warszawa}},
  year =	 2009,
  edition =	 {{I}},
}

@book{ NowakDziejePolskiTomI14,
  author =	 "Andrzej Nowak",
  title =	 {{Dzieje Polski. Tom~I: Skąd nasz ród}},
  publisher =	 {{Biały Kruk}},
  address =	 {{Kraków}},
  year =	 2014,
  edition =	 {{I}},
}





@Comment ###############################
HISTORIA POLSKI 1788-1920 R.
@Comment ###############################

@book{ RymkiewiczWielkiKsiaze83,
  author =	 "Jarosław Marek Rymkiewicz",
  title =	 {{Wielki książę z~dodaniem rozważań o~istocie
		  i~przymiotach ducha polskiego}},
  publisher =	 {{Państwowy Instytut Wydawniczy}},
  address =	 {{Warszawa}},
  year =	 1983,
  edition =	 {{I}},
}





@Comment ###############################
HISTORIA POLSKI PO 1914 R.
@Comment ###############################


@book{ ZyzakEfektDominaTomI16,
  author =	 "Paweł Zyzak",
  title =	 {{Efekt domina. Czy~Ameryka obaliła komunizm
		  w~Polsce?}},
  publisher =	 {{Fronda PL, Sp.~z~o.o.}},
  address =	 {{Warszawa}},
  year =	 2016,
  edition =	 {{I}},
  volume =	 {{I}},
}

@book{ ZyzakEfektDominaTomII16,
  author =	 "Paweł Zyzak",
  title =	 {{Efekt domina. Czy~Ameryka obaliła komunizm
		  w~Polsce?}},
  publisher =	 {{Fronda PL, Sp.~z~o.o.}},
  address =	 {{Warszawa}},
  year =	 2016,
  edition =	 {{I}},
  volume =	 {{II}},
}





@Comment ###############################
HISTORIA POLSKI 1944-1989 R.
@Comment ###############################

@book{ RedDziurokMusialInstrukcjeWytycznePisma17,
  author =	 "Redakcja i~opracowanie Adam Dziurok, Filip Musiał",
  title =	 {{Instrukcje, wytyczne, pisma Departamentu IV~Ministerstwa
  Spraw Wewnętrznych z~lat 1962--1989. Wybór dokumentów}},
  publisher =	 {{Wydawnictwo Avalon}},
  address =	 {{Kraków -- Katowice}},
  year =	 2017,
  edition =	 {{I}},
}

@book{ RedFranaszekGraniceKompromisu15,
  author =	 "Red.~Piotr Franaszek",
  title =	 {{Granice kompromisu. Naukowcy wobec aparatu władzy
		  ludowej}},
  publisher =	 {{Instytut Pamięci Narodowej}},
  address =	 {{Warszawa}},
  year =	 2015,
  edition =	 {{I}},
}





@Comment ###############################
HISTORIA POLSKI 1939-1989
@Comment ###############################


@book{ SikoraFuglewiczHighTech17,
  author =	 "Redakcja naukowa Mirosła Sikora; współpraca Piotr
		  Fuglewicz",
  title =	 {{High\dywiz tech za~żelazną kurtyną: elektronika,
		  komputery i~systemy sterowania w~PRL}},
  publisher =	 {{Instytut Pamięci Narodowej Komisja -- Komisja
		  Ścigania Zbrodni Przeciwko Narodowi Polskiemu}},
  address =	 {{Katowice\dywiz Warszawa}},
  year =	 2017,
  edition =	 {{I}},
}





@Comment ###############################
HISTORIA POLSKI PO 1939 R.
@Comment ###############################

@book{ KakolewskiDiamentOdnalezionyWPopiele98,
  author =	 "Krzysztof Kąkolewski",
  title =	 {{Diament odnaleziony w~popiele}},
  publisher =	 {{Wydawnictwo von~Borowiecky}},
  address =	 {{Warszawa}},
  year =	 1998,
  edition =	 {{II}},
}

@book{ WildsteinCienieMoichCzasow15,
  author =	 "Bronisław Wildstein",
  title =	 {{Cienie moich czasów}},
  publisher =	 {{Zysk i~S\dywiz ka}},
  address =	 {{Poznań}},
  year =	 2015,
  edition =	 {{I}},
}





@Comment ###############################
HISTORIA POLSKI PO 1989 R.
@Comment ###############################

@book{ KurskiSemkaLewyCzerwcowy92,
  author =	 "Jacek Kurski and Piotr Semka",
  title =	 {{Lewy czerwcowy. Mówią: Kaczyński, Macierewicz,
		  Parys, Glapiński, Kostrzewa\dywiz Zorbas}},
  publisher =	 {{Editions Spotkania}},
  address =	 {{Warszawa}},
  year =	 1992,
  edition =	 {{I}},
}

@book{ KofmanRoszkowskiTransformacjaIPostkomunizm99,
  author =	 "Jan Kofman and Wojciech Roszkowski",
  title =	 {{Transformacja i~postkomunizm}},
  publisher =	 {{Instytut Studiów Politycznych Polskiej Akademii
		  Nauki, Instytut Historii Uniwersytetu
		  w~Białymstoku}},
  address =	 {{Warszawa}},
  year =	 1999,
  edition =	 {{I}},
}





@Comment ###############################
HISTORIA POLSKI -- BIOGRAFIE
@Comment ###############################

@book{ GawronskiChmielnickiTomI16,
  author =	 "Rawita Franciszek Gawroński",
  title =	 {{Bohdan Chmielnicki. Tom~I: Do~elekcji Jana
		  Kazimierza}},
  publisher =	 {{Napoleon~V}},
  address =	 {{Oświęcim}},
  year =	 2016,
  edition =	 {{I}},
}





@Comment ###############################
HISTORIA POLSKI -- ZBIOR ARTYKUŁÓW
@Comment ###############################

@book{ CisekOskarHalecki09,
  author =	 "Janusz Cisek",
  title =	 {{Osckar Halecki. Historyk --~Szermierz Wolności}},
  publisher =	 {{Intytut Pamięci Narodowej}},
  address =	 {{Warszawa}},
  year =	 2009,
  edition =	 {{I}},
}





@Comment #############################################################
@Comment #############################################################
POLSKA KULTURA
@Comment #############################################################
@Comment #############################################################


@book{ ArcydzielaLiteraturyPolskiejTomII88,
  author =	 "Red. S. Grzeszczuka and A. Niewolak\dywiz Krzywda",
  title =	 {{Arcydzieła Literatury Polskiej}},
  address =	 "Rzeszów",
  publisher =	 "Krajowa Agencja Wydawnicza",
  year =	 1988,
  volume =	 {{II}},
}

@book{ BizanHertzGlosyDoBalladyny70,
  author =	 "Marian Bizan and Paweł Hertz",
  title =	 {{Glosy do ,,Balladyny''}},
  address =	 {{Warszawa}},
  publisher =	 {{Państwowy Instytut Wydawniczy}},
  year =	 1970,
}






@Comment ##############################################################
@Comment ##############################################################
KULTURA GRIER VIDEO
@Comment ##############################################################
@Comment ##############################################################








@Comment #############################################################
@Comment #############################################################
KINO
@Comment #############################################################
@Comment #############################################################


@book{ DeleuzeKino08,
  author =	 "Gilles Deleuze",
  title =	 {{Kino. 1. Obraz\dywiz{}ruch. 2. Obraz\dywiz{}czas}},
  publisher =	 {{słowo/obraz terytoria}},
  address =	 {{Gdańsk}},
  year =	 2008,
  edition =	 {{I}},
  series =	 {{Klasyka Światowej Humanistyki}},
}

@book{ GwozdzEuropejskieManifestyKina02,
  author =	 "Wyb.~Andrzej Gwóźdź",
  title =	 {{Europejskie manifesty kina. Od~Matuszewskiego
		  do~Dogmy. Antologia}},
  publisher =	 {{Wiedza Powszechna}},
  series =	 "Klasyka Światowej Humanistyki",
  address =	 "Warszawa",
  edition =	 {{I}},
  year =	 2002,
}

@book{ KletowskiKinoDalekiegoWschodu09,
  author =	 "Piotr Kletowski",
  title =	 {{Kino Dalekiego Wschodu}},
  publisher =	 {{Wydawnictwo Krytyki Politycznej}},
  address =	 {{Warszawa}},
  year =	 2009,
  edition =	 {{I}},
}

@book{ KletowskiSfilomowacDusze,
  author =	 "Piotr Kletowski",
  title =	 {{Sfilmować duszę. Mała historia kina japońskiego}},
  publisher =	 {{Centrum Sztuki i~Techniki Japońskiej manggha}},
  address =	 {{Kraków}},
  year =	 {{}},
  edition =	 {{I}},
}

@book{ RedKletowskiEuropejskieKinoGatunkow16,
  author =	 "Red. Piotr Kletowski",
  title =	 {{Europejskie Kino Gatunków}},
  publisher =	 {{Wydawnictwo Uniwersytetu Jagiellońskiego}},
  address =	 {{Kraków}},
  year =	 2016,
  edition =	 {{I}},
}

@book{ KornackiPopiolIDiament11,
  author =	 "Krzysztof Kornacki",
  title =	 {{Popiół i~diament Andrzeja Wajdy}},
  publisher =	 {{słowo/obraz terytoria}},
  address =	 "Gdański",
  edition =	 {{I}},
  year =	 2011,
}

@book{ KrolikiewiczGoraStoi95,
  author =	 "Grzegorz Królikiewicz",
  title =	 {{Góra stoi! Próba analizy filmu Akiry Kurosawy
		  ,,Sobowtór''}},
  publisher =	 {{Studio Filmowe~N}},
  address =	 "Łódź",
  year =	 1995,
  edition =	 {{I}},
}

@book{ LoskaHitchcockAutorWsrodGatunkow02,
  author =	 "Krzysztof Loska",
  title =	 {{Hitchcock --~autor wśród gatunków}},
  publisher =	 {{Rabid}},
  address =	 "Kraków",
  year =	 2002,
  edition =	 {{I}},
}

@book{ SzczepanskiZwierciadloBergmana07,
  author =	 "Tadeusz Szczepański",
  title =	 {{Zwierciadło Bergmana}},
  publisher =	 "słowo/obraz terytoria",
  address =	 "Gdańsk",
  year =	 2007,
  edition =	 {{III, poprawione i~uzupełnione}},
}




@Comment ##############################################################
@Comment ##############################################################
MITOLOGIE
@Comment ##############################################################
@Comment ##############################################################


@book{ KunstlerMitologiaChinska1981,
  author =	 "Mieczysław J. K\"{u}nstler",
  title =	 {{Mitologia chińska}},
  publisher =	 {{Wydawnictwa Artystyczne i~Filmowe}},
  address =	 "Warszawa",
  year =	 1981,
  edition =	 {{II}},
  series =	 "Mitologie świata",
}
@Comment Popraw numer wydania

@book{ LyczkowskaSzarzynskaMitologiaMezopotamii1981,
  author =	 "Krystyna Łyczkowska and Krystyna Szarzyńska",
  title =	 {{Mitologia Mezopotamii}},
  publisher =	 {{Wydawnictwa Artystyczne i~Filmowe}},
  address =	 "Warszawa",
  year =	 1981,
  edition =	 {{I}},
  series =	 {{Mitologie świata}},
}

@book{ PiekarczykMitologiaGermanska1979,
  author =	 "Stanisława Piekarczyk",
  title =	 {{Mitologia Germańska}},
  publisher =	 {{Wydawnictwa Artystyczne i~Filmowe}},
  address =	 {{Warszawa}},
  edition =	 {{I}},
  year =	 1979,
}

@book{ PietrzykowskiMitologiaStarozytnejGrecji1985,
  author =	 "Michał Pietrzykowski",
  title =	 {{Mitologia starożytnej Grecji}},
  publisher =	 {{Wydawnictwa Artystyczne i~Filmowe}},
  address =	 "Warszawa",
  year =	 1985,
  edition =	 {{IV}},
  series =	 "Mitologie świata",
}

@book{ TubielewiczMitologiaJaponii1980,
  author =	 "Jolanta Tubielewicz",
  title =	 {{Mitologia Japonii}},
  publisher =	 {{Wydawnictwa Artystyczne i~Filmowe}},
  address =	 "Warszawa",
  year =	 1980,
  edition =	 {{II}},
  series =	 "Mitologie świata",
}





@Comment #############################################################
@Comment ##############################################################
HISTORIA
@Comment ##############################################################
@Comment #############################################################


@Comment ###############################
SYNTEZY HISTORYCZNE
@Comment ###############################







@Comment ###############################
DZIEJE LAT 1789-1914
@Comment ###############################


@book{ McPhersonBattleCryOfFreedom2016,
  author =	 "James M.~McPherson",
  title =	 {{Battle Cry Of~Freedom. Historia Wojny Secesyjnej}},
  publisher =	 {{Napolen~V}},
  address =	 {{Oświęcim}},
  edition =	 {{I}},
  year =	 2016,
}







@Comment ###############################
INNE. NIEUPORZĄDKOWANE.
@Comment ###############################


@article{ Chan01,
  author =	 {{H. B. Chan and V. A. Aksyuk and R. N. Kleiman and
		  D. J. Bishop and Federico Capasso}},
  title =	 {{Quantum Mechanical Actuation of
		  Microelectromechanical Systems by the Casimir
		  Force}},
  year =	 2001,
  journal =	 "Science",
  volume =	 297,
  pages =	 1941
}



@article{ Sparnaay58,
  author =	 "M. J. Sparnaay",
  title =	 {{Measurements of attractive forces between flat
		  plates}},
  journal =	 "Physica",
  volume =	 24,
  pages =	 {{751--764}},
  year =	 1958,
}





@Comment ###############################
ARTYKUŁY RÓŻNE
@Comment ###############################


@article{ Madela122,
  author =	 "Andrzej Madela",
  title =	 {{W~cieniu Norymbergi. Niemcy Zachodnie lat
		  1945--1955 wobec denazyfikacji}},
  journal =	 "ARCANA",
  volume =	 122,
  pages =	 {{74--92}},
  year =	 2015,
}

@article{ Tisonczyk123,
  author =	 "Tomasz Tisończyk",
  title =	 {{\emph{Haiku} na~zaliczenie}},
  year =	 2015,
  journal =	 "ARCANA",
  volume =	 123,
  pages =	 {{180--186}},
}

@article{ Zachenter124,
  author =	 "Anna Zachenter",
  title =	 {{Wrzesień 1939 roku w~oczach współczesnych Niemców}},
  journal =	 "ARCANA",
  volume =	 124,
  pages =	 {{54--64}},
  year =	 2015,
}

@article{ AKarc124,
  author =	 "Agnieszka Kurnik",
  title =	 {{,,Gra resztkami'' jako substytut kultury}},
  journal =	 "ARCANA",
  volume =	 124,
  pages =	 {{102--112}},
  year =	 2015,
}

@article{ Gruchala125,
  author =	 "Wojciech Gruchała",
  title =	 {{Kiedy przestaliśmy czytać Żeromskiego?}},
  year =	 2015,
  journal =	 "ARCANA",
  volume =	 125,
  pages =	 {{18--30}},
}

@article{ Gabis125,
  author =	 "Tomasz Gabiś",
  title =	 {{Powitajmy uchodźców z~Europy Zachodniej!}},
  year =	 2015,
  journal =	 "ARCANA",
  volume =	 125,
  pages =	 {{52--63}},
}

@article{ Tolczyk125,
  author =	 "Dariusz Tołczyk",
  title =	 {{Dlaczego Sołżenicyn? Spóźnione odkrycie Gułagu
		  na~Zachodzie.}},
  journal =	 "ARCANA",
  volume =	 125,
  pages =	 {{111--136}},
  year =	 2015,
}




















@Comment #############################################################
@Comment #############################################################
ARTYKUŁY
@Comment #############################################################
@Comment #############################################################


@Comment #############################################################
FIZYKA ARTYKUŁY
@Comment #############################################################



@Comment #####################
EFEKT CASIMIRA TEORIA -- ARTYKUŁY
@Comment #####################

@article{ CasimirOnTheAttractionBetween1948,
  author =	 "Casimir, H. B. G.",
  title =	 "{On the Attraction Between Two Perfectly Conducting
		  Plates}",
  journal =	 "Indag. Math.",
  year =	 "1948",
  volume =	 "10",
  pages =	 "261-263",
  note =	 "[Kon. Ned. Akad. Wetensch. Proc.100N3-4,61(1997)]",
  SLACcitation = "%%CITATION = IMTHB,10,261;%%"
}

@article{ HerdegenQuantumBackreationI2005,
  author =	 "Andrzej Herdegen",
  title =	 {{Quantum backreaction (Casimir) effect~I. What are
		  admissible idealizations?}},
  journal =	 "Ann. Henri Poincare",
  year =	 2005,
  volume =	 6,
  pages =	 {{657--695}},
  doi =		 {https://doi.org/10.1007/s00023-005-0219-7},
  archivePrefix ="arXiv",
  eprint =	 "0412.132v1",
  primaryClass = "hep-th",
  SLACcitation = "%%CITATION = ARXIV:0412.132v1;%%"
}

@article{ HerdegenStopaGlobalVsLocal2010,
  author =	 "Andrzej Herdegen and Mariusz Stopa",
  title =	 {{Global vs local Casimir effect}},
  journal =	 {{Ann. Henri Poincare}},
  year =	 2010,
  volume =	 11,
  pages =	 {{1171--1200}},
  doi =		 {https://doi.org/10.1007/s00023-010-0053-4},
  archivePrefix ="arXiv",
  eprint =	 "1007.2139v1",
  primaryClass = "hep-th",
  SLACcitation = "%%CITATION = ARXIV:1007.2139v1;%%"
}

@article{ JancoviciSamajCasimirForce2005,
  author =	 "B. Jancovici and L. Samaj",
  title =	 {{Casimir force between two ideal-conductor walls
		  revisited}},
  journal =	 {EPL (Europhysics Letters)},
  year =	 2005,
  volume =	 72,
  number =	 1,
  pages =	 35,
  url =		 {http://stacks.iop.org/0295-5075/72/i=1/a=035},
}

@article{ ScardicchioCasimirDynamics2005,
  author =	 "A. Scardicchio",
  title =	 {{Casimir dynamics: Interactions of surfaces with
		  codimension $>1$ due to quantum fluctuations}},
  journal =	 {Phys. Rev. D},
  year =	 2005,
  volume =	 72,
  issue =	 6,
  pages =	 065004,
  numpages =	 10,
  month =	 {Sep},
  publisher =	 {American Physical Society},
  doi =		 {10.1103/PhysRevD.72.065004},
  url =		 {https://link.aps.org/doi/10.1103/PhysRevD.72.065004},
  archivePrefix ="arXiv",
  eprint =	 "0503170v2",
  primaryClass = "hep-ph",
  SLACcitation = "%%CITATION = ARXIV:0503170v2;%%"
}

@article{ DappiaggiNosariPianamontiCasimirEffectAlgebraic2016,
  author =	 "Dappiaggi, Claudio and Nosari, Gabriele and
		  Pinamonti, Nicola",
  title =	 "{The Casimir effect from the point of view of
		  algebraic quantum field theory}",
  journal =	 "Math. Phys. Anal. Geom.",
  year =	 "2016",
  volume =	 "19",
  number =	 "2",
  pages =	 "12",
  doi =		 "10.1007/s11040-016-9216-y",
  archivePrefix ="arXiv",
  eprint =	 "1412.1409",
  primaryClass = "math-ph",
  SLACcitation = "%%CITATION = ARXIV:1412.1409;%%"
}





@Comment #####################
EFEKT CASIMIRA EKSPERYMENTY -- ARTYKUŁY
@Comment #####################


@article{ LambrechtReynaudCasimirEffect2012,
  author =	 "Astrid Lambrech and Serge Reynaud",
  title =	 {{Casimir Effect: Theory and Experiments}},
  journal =	 "Internationa Journual~of Modern Physics~A",
  year =	 2012,
  volume =	 27,
  number =	 15,
  doi =		 {https://doi.org/10.1142/S0217751X12600135},
  archivePrefix ="arXiv",
  eprint =	 "1112.1301",
  primaryClass = "quant-ph",
  SLACcitation = "%%CITATION = ARXIV:1112.1301;%%"
}





@Comment #####################
EFEKT CASIMIRA TEORIA -- PRACE PRZEGLĄDOWE
@Comment #####################






@Comment ###############################
FIZYKA FAZY SKONDENSOWANEJ -- ARTYKUŁY
@Comment ###############################


@article{ QiWittenZhangAxionTopologicalFieldTheory2012,
  author =	 "X.-L. Qi and E. Witten and S.-Ch. Zhang",
  title =	 {{Axion topological field theory~of topological
		  superconductors}},
  year =	 {{2012}},
  archivePrefix ="arXiv",
  eprint =	 "1206.1407v2",
  primaryClass = "cond-mat.supr-con",
  journal =	 {{}},
}




@Comment #############################################################
MATEMATYKA
@Comment #############################################################


@article{ Harrsion1993,
  author =	 {{Harrison, J.}},
  title =	 {{Stokes' theorem for nonsmoot chains}},
  year =	 {{1993}},
  journal =	 "Bull. Amer. Math. Soc. (N. S.)",
  volume =	 29,
  pages =	 "235-242",
  archivePrefix ="arXiv:math",
  eprint =	 "9310231v1",
  primaryClass = "math.DG"
}

@article{ MarquesNevesN2012,
  author =	 "F. C. Marques, A. Neves",
  title =	 {{Min-Max theory and the Willmore conjecture}},
  year =	 {{2012}},
  journal =	 {{}},
  archivePrefix ="arXiv",
  eprint =	 "1202.6036v2",
  primaryClass = "math-DG",
}




@article{ Carter68,
  author =	 "B. Carter",
  title =	 {{Hamilton-Jacobi and Schrodinger Separable Solutions
		  of Einstein's Equation}},
  journal =	 "Commun. math. Phys.",
  year =	 1968,
  volume =	 10,
  pages =	 "280--310"
}

@article{ DBHPS08,
  author =	 {{G. H. E. Duchamp and P. Blasiak and A. Horzela and
		  K. A. Penson and A. I. Solomon}},
  title =	 {{Hopf Algebras in General and in Combinatorial
		  Physics: a practical introduction}},
  archivePrefix ="arXiv",
  eprint =	 "0802.0249v1",
  primaryClass = "quant-ph",
  year =	 2008,
  journal =	 {{}},
}

@article{ FermiPizzocchero17,
  author =	 {{Davide Fermi, Livio Pizzocchero}},
  title =	 {{Local Casimir Effet for~a~Scalar Field
		  in~Presence~of a~Point Impurity}},
  year =	 2017,
  journal =	 {{}},
  volume =	 {{}},
  pages =	 {{}},
  archivePrefix ={{arXiv}},
  eprint =	 {{1712.10039}},
  primaryClass = {{math-ph}},
}

@article{ GraciaBondia03,
  author =	 "J. M. Gracia-Bondia",
  title =	 {{Improved Epstein-Glaser renormalization in
		  coordinate space I. Euclidean framework}},
  year =	 2003,
  journal =	 "Math. Phys. Anal. Geom",
  volume =	 6,
  pages =	 "59--88",
  archivePrefix ="arXiv",
  eprint =	 "0202.023v1",
  primaryClass = "hep-th",
}

@article{ Hawking75,
  author =	 "S. W. Hawking",
  title =	 {{Particle Creation by Black Holes}},
  journal =	 {{Commun. math. Phys.}},
  year =	 1975,
  volume =	 43,
  pages =	 "199--220"
}

@article{ SummersPrespectiveOnConstructiveQFT12,
  author =	 "Stephen J. Summers",
  year =	 2012,
  title =	 {{A Perspective on Constructive Quantum Field
		  Theory}},
  archivePrefix ="arXiv",
  eprint =	 "1203.3991v1",
  primaryClass = "math-ph",
  journal =	 {{}},
}







@Comment ###############################
ALGEBRAICZNA QFT
@Comment ###############################


@article{ BrunettiDutchFredenhagenVerch09,
  author =	 {{R. Brunetti and M. D\"{u}tsch and K. Fredenhagen
		  and R. Verch}},
  title =	 {{Perturbative Algebraic Quantum Field Theory and the
		  Renormalization Groups}},
  archivePrefix ="arXiv",
  eprint =	 "0901.2038v2v1",
  primaryClass = "math-th",
  year =	 2009,
  journal =	 {{}},
}

@article{ BrunettiFredenhagen00,
  author =	 "R. Brunetti, K. Fredenhagen",
  title =	 {{Microlocal Analysis and Interacting Quantum Field
		  Theories: Renormalization on Physical Backgrounds}},
  year =	 2000,
  journal =	 "Commun. Math. Phys.",
  volume =	 208,
  pages =	 "623--661",
  archivePrefix ="arXiv",
  eprint =	 "9903.028v1",
  primaryClass = "math-ph",
}

@article{ BrunettiFredenhagen09,
  author =	 "R. Brunetti and K. Fredenhagen",
  title =	 {{Quantum Field Theory on Curved Backgrounds}},
  year =	 2009,
  archivePrefix ="arXiv",
  eprint =	 "0901.2063v1",
  primaryClass = "gr-qc",
  journal =	 {{}},
}

@article{ BrunettiFredenhagenVerch03,
  author =	 "R. Brunetti, K. Fredenhagen, R. Verch",
  title =	 {{The~Generally Covariant Locality Principle --~A~New
		  Paradigm for Local Quantum Field Theory}},
  year =	 2003,
  journal =	 "Commun. Math. Phys.",
  volume =	 237,
  pages =	 "31--68",
  archivePrefix ="arXiv",
  eprint =	 "0112.041v1",
  primaryClass = "math-th",
}

@article{ Buchholz82,
  author =	 "D. Buchholz",
  title =	 {{The Physical State Space of Quantum Electrodynamics}},
  year =	 1982,
  journal =	 "Commun. Math. Phys.",
  volume =	 85,
  pages =	 {{49--71}}
}

@article{ DappiaggiNosariPinamonti17,
  author =	 {{Claudio Dappiagii, Gabriel Nosari, Nicola
		  Pinmonti}},
  title =	 {{The~Casimir Effect from the~Point~of View~of
		  Algebraic Quantum Field Theory}},
  year =	 2014,
  journal =	 {{Math.Phys.Anal.Geom.}},
  volume =	 19,
  number =	 {{2: 12}},
  archivePrefix ={{arXiv}},
  eprint =	 {{1412.1409v2}},
  primaryClass = {{math-th}},
}

@article{ Dimock80,
  author =	 "J. Dimock",
  title =	 {{Algebras of Local Observables on a Manifold}},
  year =	 1980,
  journal =	 {{Commun. Math. Phys.}},
  volume =	 77,
  pages =	 "219--228"
}
