DEUS



@book{ SAug89,
	author	  = "Sancte Augustyn z Hippony",
	title	  = {{O kazaniu Pana na Górze. Do Symplicjana o różnych problemach. Problemy ewangeliczne.}},
	publisher = {{Warszawa}},
	%volume    = "",
	%number   = "",
	%series   = "",
	%address  = "",
	%edition   = "VI",
        year      = "1989",
        %month    = "",
        %note     = ""
     }

@book{ SSalF,
	author	  = {{Sancte Franciszek Salezy}},
	title	  = "Filotea",
	publisher = "Wydawnictwo AA",
	%volume   = "",
	%number   = "",
	%series   = "",
	%address  = "",
	%edition  = "",
        %year     = "",
        %month    = "",
        %note     = ""
     }

@book{ SHie08,
	author	  = "Sancte Hieronim ze Strydonu",
	title	  = "Komentarz do Ewangelii według św. Mateusza",
	publisher = "Wydawnictwo WAM",
	%volume   = "",
	%number   = "",
	%series   = "",
	%address  = "",
	%edition  = "",
       year      = "2008",
       %month    = "",
       %note     = ""
     }

@book{ STomI,
	author	  = {{Sancte Tomasz z Akwinu}},
	title	  = "Suma Teologiczna. Tom I.",
	publisher = "VERITAS",
	%volume   = "",
	%number   = "",
	%series   = "",
	%address  = "",
	%edition  = "",
       %year      = "",
       %month    = "",
       %note     = ""
     }

@book{ Bok96,
	author	  = "I. Bokwa",
	title	  = "Wprowadzenie do teologii Karla Rahnera",
	publisher = {{BIBLOS}},
	%volume    = "",
	%number   = "",
	%series   = "",
	%address  = "",
	%edition   = "",
        year      = "1996",
        %month    = "",
        %note     = ""
     }

@book{ Bra82,
	author	  = "R. Brandstaetter",
	title	  = "Jezus z Nazarethu",
	publisher = {{Instytut Wydawniczy PAX}},
	volume    = "I",
	%number   = "",
	%series   = "",
	%address  = "",
	edition   = "VI",
        year      = "1982",
        %month    = "",
        %note     = ""
     }

@book{ Bra86,
	author	  = "R. Brandstaetter",
	title	  = "Patriarchowie",
	publisher = {{Instytut Wydawniczy PAX}},
	%volume   = "",
	%number   = "",
	%series   = "",
	%address  = "",
	edition   = "I",
        year      = "1986",
        %month    = "",
        %note     = ""
     }

@book{ CheO,
	author	   = "G. K. Chesterton",
	title	   = {{Ortodoksja}},
	publisher = "Warszawa -- Ząbki",
	%volume   = "",
	%number   = "",
	%series   = "",
	%address  = "",
	edition   = "II -- Poprawione",
       %year      = "",
       %month    = "",
       %note     = ""
     }

@book{ Dav11,
	author	  = {{M. Davies}},
	title	  = "Sobór Papieża Jana. Rewolucja liturgiczna.",
	publisher = "ANTYK",
	%volume   = "",
	%number   = "",
	%series   = "",
	%address  = "",
	edition  = "I",
        year      = "2011",
        %month    = "",
        %note     = ""
     }

@book{ Dav02,
	author	  = {{M. Davies}},
	title	  = "Sobór Watykański II a wolność religijna",
	publisher = "Te Deum",
	%volume   = "",
	%number   = "",
	%series   = "",
	%address  = "",
	edition  = "I",
        year      = "2002",
        %month    = "",
        %note     = ""
     }

@book{ Dav04,
	author	  = "M. Davies",
	title	  = "Liturgiczne bomby zegarowe Vaticanum II. Zniszczenie katolickiej wiary przez zmiany w katolickim kulcie.",
	publisher = "Te Deum",
	%volume   = "",
	%number   = "",
	%series   = "",
	%address  = "",
	edition   = "I",
        year      = "2004",
        %month    = "",
        %note     = ""
     }

@book{ Ker11,
	author	  = "F. Kerr",
	title	  = "Katolicy teolodzy XX wieku",
	publisher = "WAM",
	%volume   = "",
	%number   = "",
	%series   = "",
	%address  = "",
	%edition   = "",
        year      = "2011",
        %month    = "",
        %note     = ""
     }

@book{ Mar05,
	author	  = "J. Maritain",
	title	  = {{Trzej reformatorzy. Luter, Kartezjusz, Rousseau.}},
	publisher = "Warszawa -- Ząbki",
	%volume   = "",
	%number   = "",
	%series   = "",
	%address  = "",
	edition   = "II -- Poprawione",
        year      = "2005",
        %month    = "",
        %note     = ""
     }

@book{ WójHdL,
	author	  = "M. Wójtowicz",
	title	  = "Henri de Lubac",
	publisher = "WAM",
	%volume   = "",
	%number   = "",
	%series   = "",
	%address  = "",
	%edition  = "",
        %year     = "",
        %month    = "",
        %note     = ""
     }



FILOZOFIA



@book{ AG81,
	author	   = {{G. E. M. Anscombe, P. T. Geach}},
	title	   = {{Trzej filozofowie}},
	publisher = "Instytut Wydawniczy Pax",
	%volume   = "",
	%number   = "",
	%series   = "",
	%address  = "",
	%edition  = "",
       year      = "1981",
       %month    = "",
       %note     = ""
     }

@book{ Ary04,
	author	   = "Arystoteles",
	title	   = {{Retoryka. Retoryka dla Aleksandra. Poetyka.}},
	publisher = "Wydawnictwo Naukowe PWN",
	%volume   = "",
	%number   = "",
	%series   = "",
	%address  = "",
	%edition  = "",
       year      = "2004",
       %month    = "",
       %note     = ""
     }

@book{ Cop04,
	author	  = "F. Copleston",
	title	  = "Historia filozofii",
	publisher = {{Instytut Wydaniczy PAX}},
	volume    = "I",
	%number   = "",
	%series   = "",
	%address  = "",
	edition   = "II",
        year      = "2004",
        %month    = "",
        %note     = ""
     }

@book{ Hel05,
	author	  = "M. Heller",
	title	  = "Filozofia przyrody",
	publisher = {{Społeczny Instytut Wydawniczy Znak}},
	%volume   = "",
	%number   = "",
	%series   = "",
	%address  = "",
	edition   = "I -- Dodruk",
        year      = "2005",
        %month    = "",
        %note     = ""
     }

@book{ Mac96,
	author	  = "A. MacIntyre",
	title	  = "Dziedzictwo cnoty",
	publisher = "Wydawnictwo Naukowe PWN",
	%volume   = "",
	%number   = "",
	%series   = "",
	%address  = "",
	edition   = "I",
        year      = "1996",
        %month    = "",
        %note     = ""
     }

@book{ Pla99,
	author	  = "Platon",
	title	  = "Dialogi",
	publisher = "ANTYK",
	volume    = "II",
	%number   = "",
	%series   = "",
	%address  = "",
	edition   = "I",
        year      = "1999",
        %month    = "",
        %note     = ""
     }

@book{ Tat05,
	author	  = "W. Tatarkiewicz",
	title	  = "Historia filozofii. Tom III: filozofia XIX wieku i współczesna.",
	publisher = "Wydawnictwo Naukowe PWN",
	volume    = "III",
	%number   = "",
	%series   = "",
	%address  = "",
	edition   = "XIX",
        year      = "2005",
        %month    = "",
        %note     = ""
     }



FIZYKA


Fizyka elementarna


@book{ JKK73,
	author	  = {{J. Jędrzejewski, W. Kruczek, A. Kujawski}},
	title	  = "Zbiór zadań z fizyki dla kandydatów na wyższe uczelnie techniczne",
	publisher = "Wydawnictwo Naukowo-Techniczne",
	%volume   = "",
	%number   = "",
	%series   = "",
	%address  = "",
	edition   = "I",
	year      = "1973",
	%month    = "",
	%note     = ""
     }


Mechanika


@book{ KKR75,
	author	  = {{C. Kittel, W. D. Knight, M. A. Ruderman}},
	title	  = "Mechanika",
	publisher = {{Państwowe Wydawnictwo Naukowe}},
	%volume   = "",
	%number   = "",
	%series   = "",
	%address  = "",
	edition   = "III",
        year      = "1975",
        %month    = "",
        %note     = ""
     }

@book{ Siu,
	author	  = "W. Siuta",
	title	  = "Mechanika techniczna",
	publisher = "Wydawnictwo Szkolne i Pedagogiczne",
	%volume   = "",
	%number   = "",
	%series   = "",
	%address  = "",
	edition   = "XXVII",
        %year     = "",
        %month    = "",
        %note     = ""
     }

@book{ Ska77,
	author	  = "B. Skalmierski",
	title	  = "Mechanika",
	publisher = "Państwowe Wydawnictwo Naukowe",
	%volume   = "",
	%number   = "",
	%series   = "",
	%address  = "",
	edition   = "I",
        year      = "1977",
        %month    = "",
        %note     = ""
     }

@book{ Ska98,
	author	  = "B. Skalmierski",
	title	  = {{Mechanika. Tom 1: Podstawy mechaniki klasycznej.}},
	publisher = {{Wydawnictwo Politechniki Częstochowskiej}},
	%volume   = "",
	%number   = "",
	%series   = "",
	%address  = "",
	edition   = "I",
        year      = "1998",
        %month    = "",
        %note     = ""
     }


Termodynamika


@book{ Wer57,
	author	  = "J. Werle",
	title	  = "Termodynamika fenomenologiczna",
	publisher = {{Państwowe Wydawnictwo Naukowe}},
	%volume   = "",
	%number   = "",
	%series   = "",
	%address  = "",
	edition   = "I",
        year      = "1957",
        %month    = "",
        %note     = ""
     }


Optyka


@book{ MA77,
	author	  = "J. R. Meyer-Ardent",
	title	  = "Wstęp do optyki",
	publisher = "Państwowe Wydawnictwo Naukowe",
	%volume   = "",
	%number   = "",
	%series   = "",
	%address  = "",
	edition   = "I",
        year      = "1977",
        %month    = "",
        %note     = ""
     }


Mechanika teoretyczna


@book{ Arn81,
	author	  = "W. I. Arnold",
	title	  = "Metody matematyczne mechaniki klasycznej",
	publisher = {{Państwowe Wydawnictwo Naukowe}},
	%volume   = "",
	%number   = "",
	%series   = "",
	%address  = "",
	edition   = "I",
        year      = "1981",
        %month    = "",
        %note     = ""
     }

@book{ KS72,
	author	  = {{G. L. Kotkin, W. G. Serbo}},
	title	  = "Zbiór zadań z mechaniki klasycznej",
	publisher = "Wydawnictwo Naukowo-Techniczne",
	%volume   = "",
	%number   = "",
	%series   = "",
	%address  = "",
	edition   = "I",
        year      = "1972",
        %month    = "",
        %note     = ""
     }

@book{ LL06,
	author	  = {{L. D. Landau, J. M. Lifszyc}},
	title	  = "Mechanika",
	publisher = "Wydawnictwo Naukowe PWN",
	%volume   = "",
	%number   = "",
	%series   = "",
	%address  = "",
	edition   = "IV",
        year      = "2006",
        %month    = "",
        %note     = ""
     }

@book{ NF71,
	author	  = {{J. I. Nejmark, N. A. Fufajew}},
	title	  = "Dynamika układów nieholonomicznych",
	publisher = "Państwowe Wydawnictwo Naukowe",
	%volume   = "",
	%number   = "",
	%series   = "",
	%address  = "",
	edition   = "I",
        year      = "1971",
        %month    = "",
        %note     = ""
     }

Mechanika kwantowa


@book{ GI87,
	author	  = {{M. Grabowski, R. S. Ingarden}},
	title	  = "Mechanika kwantowa. Ujęcie w przestrzeni Hilberta.",
	publisher = {{Państwowe Wydawnictwo Naukowe}},
	%volume   = "",
	%number   = "",
	%series   = "",
	%address  = "",
	edition   = "I",
        year      = "1987",
        %month    = "",
        %note     = ""
     }

@book{ Kle06,
	author	  = "H. Kleinert",
	title	  = {{Path Integrals in Quantuma Mechanics, Statistics, Polymer Physics and Financial Markets}},
	publisher = {{Word Scientific Publishing Co.}},
	%volume   = "",
	%number   = "",
	%series   = "",
	%address  = "",
	edition   = "IV",
        year      = "2006",
        %month    = "",
        %note     = ""
     }


Elektrodynamika klasyczna


@book{ Gri01,
	author	  = "D. J. Griffits",
	title	  = "Podstawy elektrodynamiki",
	publisher = "Wydawnictwo Naukowe PWN",
	%volume   = "",
	%number   = "",
	%series   = "",
	%address  = "",
	edition   = "I",
        year      = "2001",
        %month    = "",
        %note     = ""
     }

@book{ Jac82,
	author	  = "J. D. Jackson",
	title	  = "Elektrodynamika klasyczna",
	publisher = "Państwowe Wydawnictwo Naukowe",
	%volume   = "",
	%number   = "",
	%series   = "",
	%address  = "",
	edition   = "I",
        year      = "1982",
        %month    = "",
        %note     = ""
     }

@book{ Roh81,
	author	  = "F. Rohrlich",
	title	  = "Klasyczna teoria cząstek naładowanych",
	publisher = "Państwowe Wydawnictwo Naukowe",
	%volume   = "",
	%number   = "",
	%series   = "",
	%address  = "",
	edition   = "I",
        year      = "1981",
        %month    = "",
        %note     = ""
     }


Fizyka fazy skondensowanej


@book{ IL96,
	author	  = {{H. Ibach, H. L\"uth}},
	title	  = "Fizyka ciała stałego",
	publisher = "Wydawnictwo Naukowe PWN",
	%volume   = "",
	%number   = "",
	%series   = "",
	%address  = "",
	edition   = "I",
        year      = "1996",
        %month    = "",
        %note     = ""
     }

@book{ Kit76,
	author	  = "C. Kittel",
	title	  = "Wstęp do fizyki ciała stałego",
	publisher = "Państwowe Wydawnictwo Naukowe",
	%volume   = "",
	%number   = "",
	%series   = "",
	%address  = "",
	edition   = "IV",
        year      = "1976",
        %month    = "",
        %note     = ""
     }

@book{ Sch64,
	author	  = "J. R. Schrieffer",
	title	  = {{Theory of Superconductivity}},
	publisher = "W. A. Benjamin, INC.",
	%volume   = "",
	%number   = "",
	%series   = "",
	%address  = "",
	edition   = "I",
        year      = "1964",
        %month    = "",
        %note     = ""
     }

@book{ Wim09,
	author	   = "E. Wimmer",
	title	   = {{Quantum Transport in Nanostructures: From Computional Concepts to Spintronics in Graphene and Magnetic
	Tunnel Junctions}},
	publisher = "Docupoint",
	%volume   = "",
	%number   = "",
	%series   = "",
	%address  = "",
	edition   = "I",
        year      = "2009",
        %month    = "",
        %note     = ""
     }


Hydrodynamika


@book{ LL94,
	author	  = {{L. D. Landau, E. M. Lifszyc}},
	title	  = "Hydrodynamika",
	publisher = "Wydawnictwo Naukowe PWN",
	%volume   = "",
	%number   = "",
	%series   = "",
	%address  = "",
	edition   = "I",
        year      = "1994",
        %month    = "",
        %note     = ""
     }


Fizyka jądrowa


@book{ Str97,
	author	  = {{A. Strzałkowski}},
	title	  = "Wstęp do fizyki jądra atomowego",
	publisher = "Państwowe Wydawnictwo Naukowe",
	volume    = "V",
	%number   = "",
	series    = "Biblioteka Fizyki",
	%address  = "",
	edition   = "III",
        year      = "1979",
        %month    = "",
        %note     = ""
     }


Fizyka statystyczna


@book{ Hua87,
	author	  = "K. Huang",
	title	  = "Mechanika statystyczna",
	publisher = "Państwowe Wydawnictwo Naukowe",
	%volume   = "",
	%number   = "",
	%series   = "",
	%address  = "",
	edition   = "II",
	year      = "1987",
        %month    = "",
        %note     = ""
     }


Ogólna teoria względności


@booklet{ Car97,
          author    = "S. M. Carroll",
          title     = {{Lecture Notes on General Relativity}},
          howpublished  = "arXiv:gr-qc/9712019",
          %address  = "",
          year      = "1997",
          %month    = "December",
          %note     = "",
        }

@book{ HE73,
	author    = {{S. W. Hawking, G. F. R. Ellis}},
        title     = {{The Large Scale Structure of Space-Time}},
        publisher = "Cambridge University Press",
	%volume   = "",
	%number   = "",
	%series   = "",
	%address  = "",
	%edition  = "",
        year      = "1973",
        %month    = "",
        %note     = ""
        }

@book{ Sch02,
	author	  = "B. F. Schutz",
	title	  = "Wstęp do ogólnej teorii względności",
	publisher = "Wydawnictwo Naukowe PWN",
	%volume   = "",
	%number   = "",
	%series   = "",
	%address  = "",
	edition   = "II",
        year      = "2002",
        %month    = "",
        %note     = ""
     }


Kwantowa teoria pola


@book{ BLP11,
	author	  = {{W. B. Bierestecki, J . M. Lifszyc, L. P. Pitajewski}},
	title	  = {{Elektrodynamika kwantowa}},
	publisher = "Wydawnictwo Naukowe PWN",
	%volume   = "",
	%number   = "",
	%series   = "",
	%address  = "",
	edition   = "II -- zmienione",
        year      = "2011",
        %month    = "",
        %note     = ""
     }

@book{ BS59,
	author	  = {{N. N. Bogoliubov, D. V. Shirkov}},
	title	  = {{Introduction to the theory of quantized fields}},
	publisher = "New York : Interscience Publishers, Inc.",
	%volume   = "",
	%number   = "",
	%series   = "",
	%address  = "",
	edition   = "I",
        year      = "1959",
        %month    = "",
        %note     = ""
     }

@book{ PS95,
	author	  = {{M. E. Peskin, D. V. Schroeder}},
	title	  = {{An Introduction to Quantum Field Theory}},
	publisher = "Westview Press",
	%volume   = "",
	%number   = "",
	%series   = "",
	%address  = "",
	edition   = "I",
        year      = "1995",
        %month    = "",
        %note     = ""
     }

@book{ Rad08,
	author	  = "V. Radovanović",
	title	  = "Kwantowa teoria pola w zadaniach",
	publisher = "Wydawnictwo Naukowe PWN",
	%volume   = "",
	%number   = "",
	%series   = "",
	%address  = "",
	edition   = "I",
        year      = "2008",
        %month    = "",
        %note     = ""
     }

@book{ Sch61,
	author	  = "S. S. Schweber",
	title	  = {{An Intrduction to Relativistic Quantum Field Theory}},
	publisher = "Row, Peterson and Company",
	%volume   = "",
	%number   = "",
	%series   = "",
	%address  = "",
	%edition  = "",
        year      = "1961",
        %month    = "",
        %note     = ""
     }

@book{ Wei12,
	author	  = "S. Weinberg",
	title	  = {{Teoria pól kwantowych. Podstawy.}},
	publisher = "Wydawnictwo Naukowe PWN",
	volume    = "I",
	%number   = "",
	%series   = "",
	%address  = "",
	edition   = "I -- 1 dodruk",
        year      = "2012",
        %month    = "",
        %note     = ""
     }

@book{ Wei99,
	author	  = "S. Weinberg",
	title     = {{Teoria pól kwantowych. Nowoczesne zastosowania.}},
	publisher = "Wydawnictwo Naukowe PWN",
	volume    = "II",
	%number   = "",
	%series   = "",
	%address  = "",
	edition   = "I",
        year      = "1999",
        %month    = "",
        %note     = ""
     }

@book{ SW64,
	author	  = {{R. F. Streater, A. S. Wightman}},
	title     = {{PCT, spin and statistics, and all that}},
	publisher = "W. A. Benjamin, INC",
	%volume    = "",
	%number   = "",
	%series   = "",
	%address  = "",
	edition   = "I",
        year      = "1964",
        %month    = "",
        %note     = ""
     }

Teoria strun


@book{ GSW87,
	author	  = {{M. B. Green, J. H. Schwarz, E. Witten}},
	title	  = {{Superstring Theory. Volume 1: Introduction.}},
	publisher = "Cambridge University Press",
	%volume    = "I",
	%number   = "",
	%series   = "",
	%address  = "",
	%edition  = "",
        year      = "1987",
        %month    = "",
        %note     = ""
     }


Fizyka matematyczna


@book{ Haa96,
	author	  = "R. Haag",
	title	  = {{Local quantum physics : fields, particles, algebras.}},
	publisher = "Springer",
	%volume   = "",
	%number   = "",
	%series   = "",
	%address  = "",
	edition   = "II",
        year      = "1996",
        %month    = "",
        %note     = ""
     }

@book{ Thi85a,
	author	  = "W. Thirring",
	title	  = {{Fizyka matematyczna. Tom I: Klasyczne układy dynamiczne.}},
	publisher = "Państwowe Wydawnictwo Naukowe",
	volume    = "I",
	%number   = "",
	%series   = "",
	%address  = "",
	edition   = "I",
        year      = "1985",
        %month    = "",
        %note     = ""
     }

@book{ Thi85b,
	author	  = "W. Thirring",
	title	  = {{Fizyka matematyczna. Tom II: Klasyczna teoria pola.}},
	publisher = "Państwowe Wydawnictwo Naukowe",
	volume    = "II",
	%number   = "",
	%series   = "",
	%address  = "",
	edition   = "I",
        year      = "1985",
        %month    = "",
        %note     = ""
     }

@book{ Thi86,
	author	  = "W. Thirring",
	title	  = {{Fizyka matematyczna. Tom III: Mechanika kwantowa atomów i cząstek.}},
	publisher = "Państwowe Wydawnictwo Naukowe",
	volume    = "III",
	%number   = "",
	%series   = "",
	%address  = "",
	edition   = "I",
        year      = "1986",
        %month    = "",
        %note     = ""
     }

@book{ Thi87,
	author	  = "W. Thirring",
	title	  = {{Fizyka matematyczna. Tom IV: Mechanika kwantowa wielkich układów.}},
	publisher = "Państwowe Wydawnictwo Naukowe",
	volume    = "IV",
	%number   = "",
	%series   = "",
	%address  = "",
	edition   = "I",
        year      = "1987",
        %month    = "",
        %note     = ""
     }

@book{ BK84,
	author	  = {{A. W. Bicadze, D. F. Kaliniczenko}},
	title	  = "Zbiórz zadań z równań fizyki matematycznej",
	publisher = "Państwowe Wydawnictwo Naukowe",
	%volume   = "",
	%number   = "",
	%series   = "",
	%address  = "",
	edition   = "I",
        year      = "1984",
        %month    = "",
        %note     = ""
     }



BIOLOGIA



@book{ KŁRSzSz02,
	author	  = "H. Krzanowska, A. Łomnicki, J. Rafiński, H. Szarski, J. M. Szymura",
	title	  = {{Zarys mechanizmów ewolucji}},
	publisher = "Wydawnictwo Naukowe PWN",
	%volume   = "",
	%number   = "",
	%series   = "",
	%address  = "",
	edition   = "III -- zmienione",
        year      = "2002",
        %month    = "",
        %note     = ""
     }



CHEMIA



@book{ Pau59,
	author	  = "L. Pauling",
	title	  = {{Chemia ogólna. Wstęp do chemii opisowej z zarysem nowoczesnych teorii.}},
	publisher = "Państwowe Wydawnictwo Naukowe",
	%volume   = "",
	%number   = "",
	%series   = "",
	%address  = "",
	edition   = "I",
        year      = "1959",
        %month    = "",
        %note     = ""
     }

@book{ Paz82,
	author	  = {{K. M. Pazdro}},
	title	  = {{Chemia dla kandydatów na wyższe uczelnie}},
	publisher = "Państwowe Wydawnictwo Naukowe",
	%volume   = "",
	%number   = "",
	%series   = "",
	%address  = "",
	edition   = "II",
        year      = "1982",
        %month    = "",
        %note     = ""
     }



MATEMATYKA



Logika matematyczna


@book{ Qui74,
	author	  = "W. V. O. Quine",
	title	  = "Logika matematyczna",
	publisher = "Państwowe Wydawnictwo Naukowe",
	%volume   = "",
	%number   = "",
	%series   = "",
	%address  = "",
	edition   = "I",
        year      = "1974",
        %month    = "",
        %note     = ""
     }


Teoria grup


@book{ Cvi,
	author	  = "P. Cvitanović",
	title	  = {{Group theory. Birdtracks, Lie's, and Exeptional Groups}},
	%publisher = "",
	%volume   = "",
	%number   = "",
	%series   = "",
	%address  = "",
	edition   = "9.0.1",
        %year     = "",
        %month    = "",
        %note     = ""
     }


Algebra


@book{ BB87,
	author	  = {{A. Białynicki-Birula}},
	title	  = "Zarys algebry",
	publisher = "Państwowe Wydawnictwo Naukowe",
	%volume   = "",
	%number   = "",
	%series   = "",
	%address  = "",
	edition   = "I",
        year      = "1987",
        %month    = "",
        %note     = ""
     }


Algebra liniowa


@book{ AR05,
	author	  = {{H. Arodź, K. Rościszewski}},
	title	  = "Algebra i geometria analityczna w zadaniach",
	publisher = "Znak",
	%volume   = "",
	%number   = "",
	%series   = "",
	%address  = "",
	edition   = "I",
        year      = "2005",
        %month    = "",
        %note     = ""
     }

@book{ Gan04,
	author	  = "J. Gancarzewicz",
	title	  = "Algebra liniowa i jej zastosowania",
	publisher = "Wydawnictwo Uniwersytetu Jagiellońskiego",
	%volume   = "",
	%number   = "",
	%series   = "",
	%address  = "",
	edition   = "I",
        year      = "2004",
        %month    = "",
        %note     = ""
     }

@book{ Her10,
	author	  = "A. Herdegen",
	title	  = "Algebra liniowa i geometria",
	publisher = "DISCEPTO",
	%volume   = "",
	%number   = "",
	%series   = "",
	%address  = "",
	edition   = "II -- poprawione i rozszerzone",
        year      = "2010",
        %month    = "",
        %note     = ""
     }


Analiza matematyczna

@book{ Bog07,
	author	  = "V. I. Bogachev",
	title	  = "Measure Theory",
	publisher = "Springer",
	volume    = "I",
	%number   = "",
	%series   = "",
	%address  = "",
	edition   = "I",
        year      = "2007",
        %month    = "",
        %note     = ""
     }

@book{ Fic04,
	author	  = "G. M. Fichtenholz",
	title	  = "Rachunek różniczkowy i całkowy",
	publisher = "Wydawnictwo Naukowe PWN",
	volume    = "II",
	%number   = "",
	%series   = "",
	%address  = "",
	edition   = "XII",
        year      = "2004",
        %month    = "",
        %note     = ""
     }

@book{ Koł78,
	author	  = "W. Kołodziej",
	title	  = "Analiza matematyczna",
	publisher = "Państwowe Wydawnictwo Naukowe",
	%volume   = "",
	%number   = "",
	%series   = "",
	%address  = "",
	edition   = "II",
        year      = "1978",
        %month    = "",
        %note     = ""
     }

@book{ KW05,
	author	  = {{W. Krysicki, L. Włodarski}},
	title	  = "Analiza matematyczna w zadaniach",
	publisher = "Wydawnictwo Naukowe PWN",
	volume    = "I",
	%number   = "",
	%series   = "",
	%address  = "",
	edition   = "XXIX",
        year      = "2005",
        %month    = "",
        %note     = ""
     }

@book{ KW04,
	author	  = {{W. Krysicki, L. Włodarski}},
	title	  = "Analiza matematyczna w zadaniach",
	publisher = "Wydawnictwo Naukowe PWN",
	volume    = "II",
	%number   = "",
	%series   = "",
	%address  = "",
	edition   = "XXVII",
        year      = "2004",
        %month    = "",
        %note     = ""
     }

@book{ Mau74,
	author	  = "K. Maurin",
	title	  = {{Analiza. Część I: Elementy.}},
	publisher = "Państwowe Wydawnictwo Naukowe",
	volume    = "I",
	%number   = "",
	%series   = "",
	%address  = "",
	edition   = "III",
        year      = "1974",
        %month    = "",
        %note     = ""
     }

@book{ Mau91,
	author	  = "K. Maurin",
	title	  = {{Analiza. Część II: Ogólne struktury, funkcje algebraiczne, całkowanie, analiza tensorowa.}},
	publisher = "Wydawnictwo Naukowe PWN",
	volume    = "II",
	%number   = "",
	%series   = "",
	%address  = "",
	edition   = "II -- zmieninone",
        year      = "1991",
        %month    = "",
        %note     = ""
     }

@book{ Rud86,
	author	  = "W. Rudin",
	title	  = "Analiza rzeczywista i zespolona",
	publisher = "Państwowe Wydawnictwo Naukowe",
	%volume   = "",
	%number   = "",
	%series   = "",
	%address  = "",
	edition   = "I",
        year      = "1986",
        %month    = "",
        %note     = ""
     }

@book{ Sch79,
	author	  = "L. Schwartz",
	title	  = "Kurs analizy matematycznej",
	publisher = "Państwowe Wydawnictwo Naukowe",
	volume    = "I",
	%number   = "",
	%series   = "",
	%address  = "",
	edition   = "I",
        year      = "1979",
        %month    = "",
        %note     = ""
     }


@book{ Sch80,
	author	  = "L. Schwartz",
	title	  = "Kurs analizy matematycznej",
	publisher = "Państwowe Wydawnictwo Naukowe",
	volume    = "II",
	%number   = "",
	%series   = "",
	%address  = "",
	edition   = "I",
        year      = "1980",
        %month    = "",
        %note     = ""
      }

@book{ Sta80,
	author	  = "W. Stankiewicz",
	title	  = "Zadania z matematyki dla wyższych uczelni technicznych",
	publisher = "Państwowe Wydawnictwo Naukowe",
	volume    = "I",
	%number   = "",
	%series   = "",
	%address  = "",
	edition   = "V -- zmienionine",
        year      = "1980",
        %month    = "",
        %note     = ""
      }

@book{ WW67,
	author	  = {{E. T. Whittaker, G. N. Watson}},
	title	  = "Kurs analizy współczesnej",
	publisher = "Państwowe Wydawnictwo Naukowe",
	volume    = "I",
	%number   = "",
	%series   = "",
	%address  = "",
	%edition  = "",
        year      = "1967",
        %month    = "",
        %note     = ""
      }

@book{ WW68,
	author	  = {{E. T. Whittaker, G. N. Watson}},
	title	  = "Kurs analizy współczesnej",
	publisher = "Państwowe Wydawnictwo Naukowe",
	volume    = "II",
	%number   = "",
	%series   = "",
	%address  = "",
	%edition  = "",
        year      = "1968",
        %month    = "",
        %note     = ""
      }


Rachunek wariacyjny


@book{ GF79,
	author	  = {{I. M. Gelfand, S. W. Fomin}},
	title	  = "Rachunek wariacyjny",
	publisher = "Państwowe Wydawnictwo Naukowe",
	%volume   = "",
	%number   = "",
	%series   = "",
	%address  = "",
	edition   = "IV",
        year      = "1979",
        %month    = "",
        %note     = ""
      }

@book{ JLJ98,
	author	  = {{J. Jost, X. Li-Jost}},
	title	  = "Calculus of Variations",
	publisher = "Cambridge University Press",
	%volume   = "",
	%number   = "",
	%series   = "",
	%address  = "",
	%edition   = "",
        year      = "1998",
        %month    = "",
        %note     = ""
      }

Analiza zespolona


@book{ JJ02,
	author	  = {{P. Jakóbczak, M. Jarnicki}},
	title	  = "Wstęp do teorii funkcji holomorficznych wielu zmiennych zespolonych",
	publisher = "Wydawnictwo Uniwersytetu Jagiellońskiego",
	%volume   = "",
	%number   = "",
	%series   = "",
	%address  = "",
	edition   = "I",
        year      = "2002",
        %month    = "",
        %note     = ""
      }

@book{ Lej06,
	author	  = "F. Leja",
	title	  = "Funkcje zespolone",
	publisher = "Wydawnictwo Naukowe PWN",
	%volume   = "",
	%number   = "",
	%series   = "",
	%address  = "",
	edition   = "VI",
        year      = "2006",
        %month    = "",
        %note     = ""
      }

@book{ Sza74,
	author	  = "W. B. Szabat",
	title	  = "Wstęp do analizy zespolonej",
	publisher = "Państwowe Wydawnictwo Naukowe",
	%volume   = "",
	%number   = "",
	%series   = "",
	%address  = "",
	edition   = "I",
        year      = "1974",
        %month    = "",
        %note     = ""
      }

@book{ Krz05,
	author	  = "J. Krzyż",
	title	  = "Zbiór zadań z funkcji analitycznych",
	publisher = "Wydawnictwo Naukowe PWN",
	%volume   = "",
	%number   = "",
	%series   = "",
	%address  = "",
	edition   = "V",
        year      = "2005",
        %month    = "",
        %note     = ""
      }


Równania różniczkowe zwyczajne


@book{ Arn75,
	author	  = "W. A. Arnold",
	title	  = "Równania różniczkowe zwyczajne",
	publisher = "Państwowe Wydawnictwo Naukowe",
	%volume   = "",
	%number   = "",
	%series   = "",
	%address  = "",
	edition   = "I",
        year      = "1975",
        %month    = "",
        %note     = ""
     }


@book{ Arn83,
	author	  = "W. A. Arnold",
	title	  = "Teoria równań różniczkowych",
	publisher = "Państwowe Wydawnictwo Naukowe",
	%volume   = "",
	%number   = "",
	%series   = "",
	%address  = "",
	edition   = "I",
        year      = "1983",
        %month    = "",
        %note     = ""
     }

@book{ HNW87,
	author	  = {{E. Hairer, S. P. N\{o}rsett, G. Wanner}},
	title	  = {{Solving Ordinary Differential Equtions I: Nonstiff Problems}},
	publisher = {{Springer}},
	%volume   = "",
	%number   = "",
	series    = {{Springer Series in Computational Mathematics}},
	%address  = "",
	edition  = "I",
        year      = "1987",
        %month    = "",
        %note     = ""
     }

@book{ Tes12,
	author	  = "G. Teschl",
	title	  = {{Ordinary Differential Equations and Dynamical Systems}},
	publisher = {{American Mathematical Society}},
	volume    = "140",
	%number   = "",
	series    = {{Graduate Studies in Mathematics}},
	%address  = "",
	%edition  = "",
        year      = "2012",
        %month    = "",
        %note     = ""
     }


Równania różniczkowe cząstkowe


@book{ Eva08,
	author	  = "L. C. Evans",
	title	  = "Równania różniczkowe cząstkowe",
	publisher = "Wydawnictwo Naukowe PWN",
	%volume   = "",
	%number   = "",
	%series   = "",
	%address  = "",
	edition   = "I",
        year      = "2008",
        %month    = "",
        %note     = ""
     }

@book{ H\"{o}r83,
	author	  = "L. H\:{o}rmander",
	title	  = "The Analysis of Linear Partial Differential Operators I. Distributon Theory and Fourier Analysis",
	publisher = "Springer",
	%volume   = "",
	%number   = "",
	%series   = "",
	%address  = "",
	edition   = "I",
        year      = "1983",
        %month    = "",
        %note     = ""
     }

@book{ Str06,
	author	  = "P. Strzelecki",
	title	  = "Krótkie wprowadzenie do równań różniczkowych cząstkowych",
	publisher = "Wydawnictwo Uniwersytetu Warszawskiego",
	%volume   = "",
	%number   = "",
	%series   = "",
	%address  = "",
	edition   = "I",
        year      = "2006",
        %month    = "",
        %note     = ""
     }

@book{ Tay96,
	author	  = "M. E. Taylor",
	title	  = "Partial differential equations. Basic theory",
	publisher = "Springer",
	volume    = "I",
	%number   = "",
	%series   = "",
	%address  = "",
	%edition  = "",
        year      = "1996",
        %month    = "",
        %note     = ""
     }

Analiza funkcjonalna

@book{ Chm04,
	author	  = "J. Chmieliński",
	title	  = "Analiza funkcjonalna. Notatki do wykładu.",
	publisher = "Wydawnictwo Naukowe Akademii Pedagogicznej",
	%volume   = "",
	%number   = "",
	%series   = "",
	%address  = "",
	edition   = "II -- uzupełnione",
        year      = "2004",
        %month    = "",
        %note     = ""
     }

@book{ RS80,
	author	  = {{M. Reed, B. Simon}},
	title	  = {{Methods of Modern Mathematical Physics I: Functional Analysis}},
	publisher = "Academic Press, Inc.",
	%volume   = "",
	%number   = "",
	%series   = "",
	%address  = "",
	%edition  = "I",
	year      = "1980",
        %month    = "",
        %note     = ""
     }

@book{ RS75,
	author	  = {{M. Reed, B. Simon}},
	title	  = {{Methods of Modern Mathematical Physics II: Fourier Analysis, Self-Adjointness}},
	publisher = "Academic Press, Inc.",
	%volume   = "",
	%number   = "",
	%series   = "",
	%address  = "",
	%edition  = "I",
        year      = "1975",
        %month    = "",
        %note     = ""
     }

@book{ RS79,
	author	  = {{M. Reed, B. Simon}},
	title	  = {{Methods of Modern Mathematical Physics III: Scattering Theory}},
	publisher = "Academic Press, Inc.",
	%volume   = "",
	%number   = "",
	%series   = "",
	%address  = "",
	%edition  = "I",
        year      = "1979",
        %month    = "",
        %note     = ""
     }

@book{ RS78,
	author	  = {{M. Reed, B. Simon}},
	title	  = {{Methods of Modern Mathematical Physics IV: Analysis of Operators}},
	publisher = "Academic Press, Inc.",
	%volume   = "",
	%number   = "",
	%series   = "",
	%address  = "",
	%edition  = "I",
	year      = "1978",
	%month    = "",
	%note     = ""
     }

@book{ Rud02,
	author	  = "W. Rudin",
	title	  = "Analiza funkcjonalna",
	publisher = "Wydawnictwo Naukowe PWN",
	%volume   = "",
	%number   = "",
	%series   = "",
	%address  = "",
	edition   = "II",
        year      = "2002",
        %month    = "",
        %note     = ""
     }


Geometria różniczkowa


@book{ Gan10,
	author	  = "J. Gancarzewicz",
	title	  = "Zarys współczesnej geometrii różniczkowej",
	publisher = "SCRIPT",
	%volume   = "",
	%number   = "",
	%series   = "",
	%address  = "",
	edition   = "I",
        year      = "2010",
        %month    = "",
        %note     = ""
     }

@book{ Gdo99,
	author	  = "B. Gdowski",
	title	  = {{Elementy geometrii różniczkowej z zadaniami}},
	publisher = {{Oficyna Wydawnicza Politechniki Warszawskiej}},
	%volume   = "",
	%number   = "",
	%series   = "",
	%address  = "",
	edition   = "I",
        year      = "1999",
        %month    = "",
        %note     = ""
     }

@book{ Fla69,
	author	  = "H. Flanders",
	title	  = "Teoria form różniczowych",
	publisher = "Państwowe Wydawnictwo Naukowe",
	%volume   = "",
	%number   = "",
	%series   = "",
	%address  = "",
	edition   = "I",
        year      = "1969",
        %month    = "",
        %note     = ""
     }

@book{ Lee13,
	author	  = {{J. M. Lee}},
	title	  = {{Introduction to Smooth Manifolds}},
	publisher = "Springer",
	%volume   = "",
	%number   = "",
	%series   = "",
	%address  = "",
	edition   = "II",
        year      = "2013",
        %month    = "",
        %note     = ""
     }


Teoria operatorów i C* algebr


@book{ BR02a,
	author	  = {{O. Bratteli, D. W. Robinson}},
	title	  = "Operatores algebras and quantum statistical mechanics",
	publisher = "Springer",
	volume    = "I",
	%number   = "",
	%series   = "",
	%address  = "",
	edition   = "II -- Reprint",
        year      = "2002",
        %month    = "",
        %note     = ""
     }

@book{ BR02b,
	author	  = {{O. Bratteli, D. W. Robinson}},
	title	  = "Operatores algebras and quantum statistical mechanics",
	publisher = "Springer",
	volume    = "II",
	%number   = "",
	%series   = "",
	%address  = "",
	edition   = "II -- Reprint",
        year      = "2002",
        %month    = "",
        %note     = ""
     }

@book{ Tak79,
	author	  = "M. Takesaki",
	title	  = "Theory of operator algebras",
	publisher = "Springer",
	volume    = "I",
	%number   = "",
	%series   = "",
	%address  = "",
	%edition  = "",
        year      = "1979",
        %month    = "",
        %note     = ""
     }


Teoria dystrybucji


@book{ Zem69,
	author	  = {{A. H. Zemanian}},
	title	  = "Teoria dystrybucji i analiza transformat",
	publisher = "Państwowe Wydawnictwo Naukowe",
	%volume   = "",
	%number   = "",
	%series   = "",
	%address  = "",
	%edition  = "",
        year      = "1969",
        %month    = "",
        %note     = ""
     }

Zbiory zadań

@book{ NDKSzZZM,
	author	  = {{N. Dróbka, K. Szymański}},
	title	  = "Zbiór zadań z~matematyki",
	publisher = "Wydawnictwo Szkolne i Pedagogiczne",
	%volume   = "",
	%number   = "",
	%series   = "",
	%address  = "",
	edition  = "III",
        year      = "1993",
        %month    = "",
        %note     = ""
     }

Dzieła zbiorcze


@book{ WZWL,
	author	  = {{W. Żakowski, W. Leksiński}},
	title	  = {{Matematyka. Część IV}},
	publisher = "Wydawnictwo Naukowo-Techniczne",
	%volume   = "",
	%number   = "",
	%series   = "",
	%address  = "",
	edition   = "V -- poprawione",
        year      = "1978",
        %month    = "",
        %note     = ""
     }



POPULARNONAUKOWE



@book{ RPDDR,
	author	  = {{R. Penrose}},
	title	  = "Droga do rzeczywistości",
	publisher = "Prószyński i S-ka",
	%volume   = "",
	%number   = "",
	%series   = "",
	%address  = "",
	%edition  = "",
        %year      = "",
        %month    = "",
        %note     = ""
     }



INFORMATYKA



@book{ Grę06,
	author	  = {{J. Grębosz}},
	title	  = {{Symfonia C++ standard}},
	publisher = {{EDITION 2000}},
	volume    = "I",
	%number   = "",
	%series   = "",
	%address  = "",
	edition   = "II",
        year      = "2006",
        %month    = "",
        %note     = ""
     }

@book{ JHWTAJO,
	author	  = {{J. E. Hopcroft, R. Motwani, J. D. Ullman}},
	title	  = "Wprowadzenie do teorii automatów, języków i obliczeń",
	publisher = "Wydawnictwo Naukowe PWN",
	%volume   = "",
	%number   = "",
	%series   = "",
	%address  = "",
	edition   = "II",
        year      = "2005",
        %month    = "",
        %note     = ""
     }

@book{ KR01,
	author	  = {{B. W. Kernighan, D. M. Ritchie}},
	title	  = {{Język ANSI C}},
	publisher = {{Wydawnictwo Naukowo-Techniczne}},
	%volume   = "",
	%number   = "",
	%series   = "",
	%address  = "",
	edition   = "VI",
        year      = "2001",
        %month    = "",
        %note     = ""
     }



JĘZYKI



@book{ CzR04,
	author	  = {{J. Czyżma, E. Roguszczak}},
	title	  = {{Język łaciński}},
	publisher = {{Wydawnictwo Uniwersytetu Gdańskiego}},
	%volume   = "",
	%number   = "",
	%series   = "",
	%address  = "",
	edition   = "V",
        year      = "2004",
        %month    = "",
        %note     = ""
     }

@book{ Mur98,
	author	  = {{R. Murphy}},
	title	  = {{English Grammar in Use}},
	publisher = {{Cambridge University Press}},
	%volume   = "",
	%number   = "",
	%series   = "",
	%address  = "",
	edition   = "Second",
        year      = "1998",
        %month    = "",
        %note     = ""
     }
