@article{ Tisonczyk123,
  author =	 "Tomasz Tisończyk",
  title =	 {{\emph{Haiku} na~zaliczenie}},
  year =	 2015,
  journal =	 "ARCANA",
  volume =	 123,
  pages =	 {{180--186}},
}

@article{ Zachenter124,
  author =	 "Anna Zachenter",
  title =	 {{Wrzesień 1939 roku w~oczach współczesnych Niemców}},
  journal =	 "ARCANA",
  volume =	 124,
  pages =	 {{54--64}},
  year =	 2015,
}

@article{ AKarc124,
  author =	 "Agnieszka Kurnik",
  title =	 {{,,Gra resztkami'' jako substytut kultury}},
  journal =	 "ARCANA",
  volume =	 124,
  pages =	 {{102--112}},
  year =	 2015,
}

@article{ Gruchala125,
  author =	 "Wojciech Gruchała",
  title =	 {{Kiedy przestaliśmy czytać Żeromskiego?}},
  year =	 2015,
  journal =	 "ARCANA",
  volume =	 125,
  pages =	 {{18--30}},
}

@article{ Gabis125,
  author =	 "Tomasz Gabiś",
  title =	 {{Powitajmy uchodźców z~Europy Zachodniej!}},
  year =	 2015,
  journal =	 "ARCANA",
  volume =	 125,
  pages =	 {{52--63}},
}

@article{ Tolczyk125,
  author =	 "Dariusz Tołczyk",
  title =	 {{Dlaczego Sołżenicyn? Spóźnione odkrycie Gułagu
		  na~Zachodzie.}},
  journal =	 "ARCANA",
  volume =	 125,
  pages =	 {{111--136}},
  year =	 2015,
}





@Comment #############################################################
@Comment #############################################################
LITERATURA
@Comment #############################################################
@Comment #############################################################


@book{ BaranczakAntologiaAngielskiejPozejiMetafizycznej82,
  author =	 "Stanisław Barańczak",
  title =	 {{Antologia angielskiej poezji metafizycznej XVII
  stulecia}},
  publisher =	 {{Państwowy Instytytu Wydawniczy}},
  address =	 {{Warszawa}},
  year =	 1982,
  edition =	 {{I}},
}

@book{ ChestertonCzlowiekKtoryBylCzwartkiem08,
  author =	 "Gilbert Keith Chesterton",
  title =	 {{Człowiek, który był czwartkiem}},
  publisher =	 {{FRONDA PL sp. z o. o.}},
  address =	 {{Warszawa}},
  year =	 2008,
  edition =	 {{I}},
}

@book{ ChmielewskiZlotaKsiegaPrzygod02,
  author =	 "Henryk Jerzy Chmielewski",
  title =	 {{Tytus Romek i~A'Tomek. Złota księga przygód}},
  publisher =	 {{Prószyński i~S\dywiz ka}},
  address =	 {{Warszawa}},
  year =	 2008,
  edition =	 {{I}},
}

@book{ DukajWroniec2009,
  author =	 "Jacek Dukaj",
  title =	 {{Wroniec}},
  publisher =	 {{Wydawnictwo Literackie Sp. z~o.o.}},
  address =	 {{Kraków}},
  year =	 2009,
  edition =	 {{I}},
}

@book{ EisnerUmowaZBogiem2007,
  author =	 "Will Eisner",
  title =	 {{Trylogia Umowa z~Bogiem. Życie na~Dropsie Avenue}},
  publisher =	 {{Egmont Polska}},
  address =	 {{Warszawa}},
  year =	 2007,
  edition =	 {{I}},
  note =	 {{Tłum. Jacek Drewnowski}},
}

@book{ EisneNowyYork2008,
  author =	 "Will Eisner",
  title =	 {{Nowy York. Życie w~wielki mieście}},
  publisher =	 {{Egmont Polska}},
  address =	 {{Warszawa}},
  year =	 2008,
  edition =	 {{I}},
}

@book{ EisneSpirit2009,
  author =	 "Will Eisner",
  title =	 {{Spirit. Najlepsze opowieści}},
  publisher =	 {{Egmont Polska}},
  address =	 {{Warszawa}},
  year =	 2009,
  edition =	 {{I}},
}

@book{ EisnerZycieWObrazkach2009,
  author =	 "Will Eisner",
  title =	 {{Życie w~obrazkach. Opowieści autobiograficzne}},
  publisher =	 {{Egmont Polska}},
  address =	 {{Warszawa}},
  year =	 2009,
  edition =	 {{I}},
}

@book{ EndoMilczenie1986,
  author =	 "Shusaku Endo",
  title =	 {{Milczenie}},
  publisher =	 {{Instytut Wydawniczy PAX}},
  address =	 {{Warszawa}},
  year =	 1986,
  edition =	 {{II}},
}

@book{ IwaszkiewiczWierszeTomI77,
  author =	 "Jarosław Iwaszkiewicz",
  title =	 {{Wiersze}},
  publisher =	 {{Czytelnik}},
  address =	 {{Warszawa}},
  year =	 1977,
  edition =	 {{I}},
  volume =	 {{I}},
}

@book{ LechonPoezje1973,
  author =	 "Jan Lechoń",
  title =	 {{Poezje}},
  publisher =	 {{Państwowy Instytut Wydawniczy}},
  address =	 {{Warszawa}},
  year =	 1973,
  edition =	 {{II}},
}

@book{ LemDziennikiGwiazdowe1982,
  author =	 "Stanisław Lem",
  title =	 {{Dzienniki gwiazdowe. Wydanie rozszerzone}},
  publisher =	 {{Wydawnictwo Literackie}},
  address =	 {{Kraków}},
  year =	 1982,
  edition =	 {{I~rozszerzone}},
}

@book{ MannDoktorFaustus2002,
  author =	 "Tomasz Mann",
  title =	 {{Doktor Faustus. Żywot niemieckiego kompozytora
		  Adriana Leverk\"{u}hna opowiedziany przez jego
		  przyjaciela}},
  publisher =	 {{Porozumienie Wydawców}},
  address =	 {{Kraków}},
  year =	 2002,
  edition =	 {{I}},
}

@book{ MickiewiczKsiegaNaroduPolskieg2004,
  author =	 "Adam Mickiewicz",
  title =	 {{Księgi narodu polskiego i~pielgrzymstwa polskiego}},
  publisher =	 {{Zakład Narodowy im. Ossolińskich}},
  address =	 {{Wrocław}},
  year =	 2004,
  edition =	 {{}},
}

@book{ MickiewiczMysliZdaniaIUwagi2000,
  author =	 "Adam Mickiewicz",
  title =	 {{Myśli, zdania i~uwagi}},
  publisher =	 "Prószyński i~S\dywiz ka",
  address =	 {{Warszawa}},
  year =	 2000,
  edition =	 {{I}},
}

@book{ PrattCoroMalteseBalladaOSlonymMorzu2004,
  author =	 "Hugo Pratt",
  title =	 {{Corto Maltese. Ballada o~słonym morzu}},
  publisher =	 {{Wydawnictwo POST}},
  address =	 {{Kraków}},
  year =	 2004,
  edition =	 {{I}},
  note =	 {{Tłumaczenie z~języka włosckiego: Monika Gurgul.
		  Opracownie graficzne i~liternictwo: Joanna
		  Holeksa\dywiz Szłapa}}
}

@book{ RymkiewiczCichoCiszej2003,
  author =	 "Jarosław Marek Rymkiewicz",
  title =	 {{Cicho ciszej. Wybrane wiersze z~lat 1963--2002}},
  publisher =	 {{Sic!}},
  address =	 {{Warszawa}},
  year =	 2003,
  edition =	 {{I}},
}

@book{ WildsteinPrzyszloscZOgraniczona2010,
  author =	 "Bronisław Wildstein",
  title =	 {{Przyszłość z~ograniczoną odpowiedzialnością}},
  publisher =	 {{Wydawnictwo~M}},
  address =	 {{Kraków}},
  year =	 2010,
  edition =	 {{II}},
}





@Comment ###############################
SHAKESPEARE
@Comment ###############################


@book{ WesoleKumoszkiZWindsoru1998,
  author =	 "William Shakespeare",
  title =	 {{Wesołe kumoszki z~Windsoru}},
  publisher =	 {{Wydawnictwo ZNAK}},
  address =	 {{Kraków}},
  year =	 1998,
  edition =	 {{I}},
}

@book{ Burza1999,
  author =	 "William Shakespeare",
  title =	 {{Burza}},
  publisher =	 {{Wydawnictwo ZNAK}},
  address =	 {{Kraków}},
  year =	 1999,
  edition =	 {{I}},
}





@Comment #############################################################
@Comment #############################################################
ARTYKUŁY
@Comment #############################################################
@Comment #############################################################


@Comment #############################################################
FIZYKA ARTYKUŁY
@Comment #############################################################



@Comment #####################
EFEKT CASIMIRA TEORIA -- ARTYKUŁY
@Comment #####################

@article{ CasimirOnTheAttractionBetween1948,
  author =	 "Casimir, H. B. G.",
  title =	 "{On the Attraction Between Two Perfectly Conducting
		  Plates}",
  journal =	 "Indag. Math.",
  year =	 "1948",
  volume =	 "10",
  pages =	 "261-263",
  note =	 "[Kon. Ned. Akad. Wetensch. Proc.100N3-4,61(1997)]",
  SLACcitation = "%%CITATION = IMTHB,10,261;%%"
}

@article{ HerdegenQuantumBackreationI2005,
  author =	 "Andrzej Herdegen",
  title =	 {{Quantum backreaction (Casimir) effect~I. What are
		  admissible idealizations?}},
  journal =	 "Ann. Henri Poincare",
  year =	 2005,
  volume =	 6,
  pages =	 {{657--695}},
  doi =		 {https://doi.org/10.1007/s00023-005-0219-7},
  archivePrefix ="arXiv",
  eprint =	 "0412.132v1",
  primaryClass = "hep-th",
  SLACcitation = "%%CITATION = ARXIV:0412.132v1;%%"
}

@article{ HerdegenStopaGlobalVsLocal2010,
  author =	 "Andrzej Herdegen and Mariusz Stopa",
  title =	 {{Global vs local Casimir effect}},
  journal =	 {{Ann. Henri Poincare}},
  year =	 2010,
  volume =	 11,
  pages =	 {{1171--1200}},
  doi =		 {https://doi.org/10.1007/s00023-010-0053-4},
  archivePrefix ="arXiv",
  eprint =	 "1007.2139v1",
  primaryClass = "hep-th",
  SLACcitation = "%%CITATION = ARXIV:1007.2139v1;%%"
}

@article{ JancoviciSamajCasimirForce2005,
  author =	 "B. Jancovici and L. Samaj",
  title =	 {{Casimir force between two ideal-conductor walls
		  revisited}},
  journal =	 {EPL (Europhysics Letters)},
  year =	 2005,
  volume =	 72,
  number =	 1,
  pages =	 35,
  url =		 {http://stacks.iop.org/0295-5075/72/i=1/a=035},
}

@article{ ScardicchioCasimirDynamics2005,
  author =	 "A. Scardicchio",
  title =	 {{Casimir dynamics: Interactions of surfaces with
                  codimension $>1$ due to quantum fluctuations}},
  journal =	 {Phys. Rev. D},
  year =	 2005,
  volume =	 72,
  issue =	 6,
  pages =	 065004,
  numpages =	 10,
  month =	 {Sep},
  publisher =	 {American Physical Society},
  doi =		 {10.1103/PhysRevD.72.065004},
  url =		 {https://link.aps.org/doi/10.1103/PhysRevD.72.065004},
  archivePrefix ="arXiv",
  eprint =	 "0503170v2",
  primaryClass = "hep-ph",
  SLACcitation = "%%CITATION = ARXIV:0503170v2;%%"
}

@article{ DappiaggiNosariPianamontiCasimirEffectAlgebraic2016,
  author =	 "Dappiaggi, Claudio and Nosari, Gabriele and
		  Pinamonti, Nicola",
  title =	 "{The Casimir effect from the point of view of
		  algebraic quantum field theory}",
  journal =	 "Math. Phys. Anal. Geom.",
  year =	 "2016",
  volume =	 "19",
  number =	 "2",
  pages =	 "12",
  doi =		 "10.1007/s11040-016-9216-y",
  archivePrefix ="arXiv",
  eprint =	 "1412.1409",
  primaryClass = "math-ph",
  SLACcitation = "%%CITATION = ARXIV:1412.1409;%%"
}





@Comment #####################
EFEKT CASIMIRA EKSPERYMENTY -- ARTYKUŁY
@Comment #####################


@article{ LambrechtReynaudCasimirEffect2012,
  author =	 "Astrid Lambrech and Serge Reynaud",
  title =	 {{Casimir Effect: Theory and Experiments}},
  journal =	 "Internationa Journual~of Modern Physics~A",
  year =	 2012,
  volume =	 27,
  number =	 15,
  doi =		 {https://doi.org/10.1142/S0217751X12600135},
  archivePrefix ="arXiv",
  eprint =	 "1112.1301",
  primaryClass = "quant-ph",
  SLACcitation = "%%CITATION = ARXIV:1112.1301;%%"
}





@Comment #####################
EFEKT CASIMIRA TEORIA -- PRACE PRZEGLĄDOWE
@Comment #####################


@article{ BordagMohideenMostepanenkoNewDevelopmentsCasimirEffect2001,
  author =	 "M. Bordag and U. Mohideen and V.M. Mostepanenko",
  title =	 {{New delepoments in~the~Casimir effect}},
  journal =	 {{Physics Reports}},
  year =	 2001,
  volume =	 353,
  number =	 {{1--3}},
  pages =	 {{1--205}},
  doi =		 {https://doi.org/10.1016/S0370-1573(01)00015-1},
  archivePrefix ="arXiv",
  eprint =	 "0106045",
  primaryClass = "quant-ph",
  SLACcitation = "%%CITATION = ARXIV:0106045;%%"
}





@Comment ###############################
FIZYKA FAZY SKONDENSOWANEJ -- ARTYKUŁY
@Comment ###############################


@article{ QiWittenZhangAxionTopologicalFieldTheory2012,
  author =	 "X.-L. Qi and E. Witten and S.-Ch. Zhang",
  title =	 {{Axion topological field theory~of topological
		  superconductors}},
  year =	 {{2012}},
  archivePrefix ="arXiv",
  eprint =	 "1206.1407v2",
  primaryClass = "cond-mat.supr-con",
  journal =	 {{}},
}




@Comment #############################################################
MATEMATYKA
@Comment #############################################################


@article{ Harrsion1993,
  author =	 {{Harrison, J.}},
  title =	 {{Stokes' theorem for nonsmoot chains}},
  year =	 {{1993}},
  journal =	 "Bull. Amer. Math. Soc. (N. S.)",
  volume =	 29,
  pages =	 "235-242",
  archivePrefix ="arXiv:math",
  eprint =	 "9310231v1",
  primaryClass = "math.DG"
}

@article{ MarquesNevesN2012,
  author =	 "F. C. Marques, A. Neves",
  title =	 {{Min-Max theory and the Willmore conjecture}},
  year =	 {{2012}},
  journal =	 {{}},
  archivePrefix ="arXiv",
  eprint =	 "1202.6036v2",
  primaryClass = "math-DG",
}




















@Comment #########################################
TEORIA STRUN
@Comment #########################################


@article{ Schwarz00,
  author =	 "John H.~Schwarz",
  title =	 {{String Theory: The~Early Years}},
  year =	 {{2000}},
  archivePrefix ="arXiv",
  eprint =	 "0007.118.v3",
  primaryClass = "hep-th",
  journal =	 {{}},
}

@article{ Susskind70,
  author =	 "L. Susskind",
  title =	 {{Dual-Symmetric Theory~of Hadrons. --~I}},
  year =	 {{1970}},
  journal =	 {{Il~Nuovo Cimento}},
  volume =	 "LXIX A",
  pages =	 {{457--496}},
}





@Comment #########################################
GENERAL RELATIVITY
@Comment #########################################


@article{ ElvangFigurasF07,
  author =	 "H. Elvang and P. Figuras",
  title =	 {{Black Saturn}},
  year =	 {{2007}},
  archivePrefix ="arXiv",
  eprint =	 "0701.035v2",
  primaryClass = "hep-th",
  journal =	 {{}},
}





@Comment #########################################
QFT ARTYKUŁY
@Comment #########################################


@article{ BMM01,
  author =	 "M. Bordag, U. Mohideen, V. M. Mostepanenko",
  year =	 2001,
  title =	 {{New Developments in the Casimir Effect}},
  journal =	 "Phys.Rept.",
  volume =	 353,
  pages =	 "1-205",
  archivePrefix ="arXiv",
  eprint =	 0106045,
  primaryClass = "quant-ph",
}






@Comment #########################################
FIZYKA MATEMATYCZNA
@Comment #########################################


@article{ BardeenCarterHawkingCH73,
  author =	 "J. M. Bardeen, B. Carter, S. W. Hawking",
  title =	 {{The Four Law of Black Hole Mechanics}},
  journal =	 {{Commun. math. Phys.}},
  year =	 1973,
  volume =	 31,
  pages =	 "161--170"
}

@article{ Carter68,
  author =	 "B. Carter",
  title =	 {{Hamilton-Jacobi and Schrodinger Separable Solutions
		  of Einstein's Equation}},
  journal =	 "Commun. math. Phys.",
  year =	 1968,
  volume =	 10,
  pages =	 "280--310"
}

@article{ DBHPS08,
  author =	 {{G. H. E. Duchamp and P. Blasiak and A. Horzela and
		  K. A. Penson and A. I. Solomon}},
  title =	 {{Hopf Algebras in General and in Combinatorial
		  Physics: a practical introduction}},
  archivePrefix ="arXiv",
  eprint =	 "0802.0249v1",
  primaryClass = "quant-ph",
  year =	 2008,
  journal =	 {{}},
}

@article{ FermiPizzocchero17,
  author =	 {{Davide Fermi, Livio Pizzocchero}},
  title =	 {{Local Casimir Effet for~a~Scalar Field
		  in~Presence~of a~Point Impurity}},
  year =	 2017,
  journal =	 {{}},
  volume =	 {{}},
  pages =	 {{}},
  archivePrefix ={{arXiv}},
  eprint =	 {{1712.10039}},
  primaryClass = {{math-ph}},
}

@article{ GraciaBondia03,
  author =	 "J. M. Gracia-Bondia",
  title =	 {{Improved Epstein-Glaser renormalization in
		  coordinate space I. Euclidean framework}},
  year =	 2003,
  journal =	 "Math. Phys. Anal. Geom",
  volume =	 6,
  pages =	 "59--88",
  archivePrefix ="arXiv",
  eprint =	 "0202.023v1",
  primaryClass = "hep-th",
}

@article{ Hawking75,
  author =	 "S. W. Hawking",
  title =	 {{Particle Creation by Black Holes}},
  journal =	 {{Commun. math. Phys.}},
  year =	 1975,
  volume =	 43,
  pages =	 "199--220"
}

@article{ SummersPrespectiveOnConstructiveQFT12,
  author =	 "Stephen J. Summers",
  year =	 2012,
  title =	 {{A Perspective on Constructive Quantum Field
		  Theory}},
  archivePrefix ="arXiv",
  eprint =	 "1203.3991v1",
  primaryClass = "math-ph",
  journal =	 {{}},
}

@article{ Witten89,
  author =	 "E. Witten",
  year =	 1989,
  title =	 {{Quantum Field Theory and the Jones Polynomial}},
  journal =	 "Commun. Math. Phys.",
  volume =	 121,
  pages =	 "351--399"
}





@Comment ###############################
ALGEBRAICZNA QFT
@Comment ###############################


@article{ BrunettiDutchFredenhagenVerch09,
  author =	 {{R. Brunetti and M. D\"{u}tsch and K. Fredenhagen
		  and R. Verch}},
  title =	 {{Perturbative Algebraic Quantum Field Theory and the
		  Renormalization Groups}},
  archivePrefix ="arXiv",
  eprint =	 "0901.2038v2v1",
  primaryClass = "math-th",
  year =	 2009,
  journal =	 {{}},
}

@article{ BrunettiFredenhagen00,
  author =	 "R. Brunetti, K. Fredenhagen",
  title =	 {{Microlocal Analysis and Interacting Quantum Field
		  Theories: Renormalization on Physical Backgrounds}},
  year =	 2000,
  journal =	 "Commun. Math. Phys.",
  volume =	 208,
  pages =	 "623--661",
  archivePrefix ="arXiv",
  eprint =	 "9903.028v1",
  primaryClass = "math-ph",
}

@article{ BrunettiFredenhagen09,
  author =	 "R. Brunetti and K. Fredenhagen",
  title =	 {{Quantum Field Theory on Curved Backgrounds}},
  year =	 2009,
  archivePrefix ="arXiv",
  eprint =	 "0901.2063v1",
  primaryClass = "gr-qc",
  journal =	 {{}},
}

@article{ BrunettiFredenhagenVerch03,
  author =	 "R. Brunetti, K. Fredenhagen, R. Verch",
  title =	 {{The~Generally Covariant Locality Principle --~A~New
		  Paradigm for Local Quantum Field Theory}},
  year =	 2003,
  journal =	 "Commun. Math. Phys.",
  volume =	 237,
  pages =	 "31--68",
  archivePrefix ="arXiv",
  eprint =	 "0112.041v1",
  primaryClass = "math-th",
}

@article{ Buchholz82,
  author =	 "D. Buchholz",
  title =	 {{The Physical State Space of Quantum Electrodynamics}},
  year =	 1982,
  journal =	 "Commun. Math. Phys.",
  volume =	 85,
  pages =	 {{49--71}}
}

@article{ DappiaggiNosariPinamonti17,
  author =	 {{Claudio Dappiagii, Gabriel Nosari, Nicola
		  Pinmonti}},
  title =	 {{The~Casimir Effect from the~Point~of View~of
		  Algebraic Quantum Field Theory}},
  year =	 2014,
  journal =	 {{Math.Phys.Anal.Geom.}},
  volume =	 19,
  number =	 {{2: 12}},
  archivePrefix ={{arXiv}},
  eprint =	 {{1412.1409v2}},
  primaryClass = {{math-th}},
}

@article{ Dimock80,
  author =	 "J. Dimock",
  title =	 {{Algebras of Local Observables on a Manifold}},
  year =	 1980,
  journal =	 {{Commun. Math. Phys.}},
  volume =	 77,
  pages =	 "219--228"
}
