FIZYKA MATEMATYCZNA


@article{ JBFLBHM,
	author  = {{J. M. Bardeen, B. Carter, S. W. Hawking}},
	year    = "1973",
	title   = {{The Four Law of Black Hole Mechanics}},
	journal = "Commun. math. Phys.",
	volume  = "31",
	pages   = "161--170"
     }

@article{ MBUMVMNDCE,
	author  = {{G. H. E. Duchamp, P. Blasiak, A. Horzela, K. A. Penson, A. I. Solomon}},
	year    = "2008",
	title   = {{Hopf Algebras in General and in Combinatorial Physics: a practical introduction}},
	%journal = "Phys.Rept.",
	%volume  = "353",
	%pages   = "1-205"
	archivePrefix = "arXiv",
    	eprint        = "0802.0249v1",
     	primaryClass  = "quant-ph",
     }



@article{ SHPCBH,
	author  = "S. W. Hawking",
	year    = "1975",
	title   = {{Particle Creation by Black Holes}},
	journal = "Commun. math. Phys.",
	volume  = "43",
	pages   = "199--220"
    }

@article{ SJSPCQFT,
	author  = "S. J. Summers",
	year    = "2012",
	title   = {{Quantum Field Theory and the Jones Polynomial}},
	%journal = "Commun. Math. Phys.",
	%volume  = "121",
	%pages   = "351--399",
	archivePrefix = "arXiv",
    	eprint        = "1203.3991v1",
     	primaryClass  = "math-ph"
    }





AQFT


@article{ RBMDKFPAQFTRG,
	author  = {{R. Brunetti, M. D\"{u}tsch, K. Fredenhagen, R. Verch}},
	year    = "2009",
	title   = {{Perturbative Algebraic Quantum Field Theory and the Renormalization Groups}},
	%journal = "Commun. Math. Phys.",
	%volume  = "237",
	%pages   = "31--68",
	archivePrefix = "arXiv",
     	eprint        = "0901.2038v2v1",
     	primaryClass  = "math-th",
     }

@article{ RBKFQFTCB,
	author  = {{R. Brunetti, K. Fredenhagen}},
	year    = "2000",
	title   = {{Microlocal Analysis and Interacting Quantum Field Theories: Renormalization on Physical Backgrounds}},
	journal = "Commun. Math. Phys.",
	volume  = "208",
	pages   = "623--661",
	archivePrefix = "arXiv",
     	eprint        = "9903.028v1",
     	primaryClass  = "math-ph",
     }

@article{ RBKFQFTCB,
	author  = {{R. Brunetti, K. Fredenhagen}},
	year    = "2009",
	title   = {{Quantum Field Theory on Curved Backgrounds}},
	%journal = "Commun. Math. Phys.",
	%volume  = "237",
	%pages   = "31--68",
	archivePrefix = "arXiv",
     	eprint        = "0901.2063v1",
     	primaryClass  = "gr-qc",
     }

@article{ RBKFRVGCLP,
	author  = {{R. Brunetti, K. Fredenhagen, R. Verch}},
	year    = "2003",
	title   = {{The Generally Covariant Locality Principle -- A New Paradigm for Local Quantum Field Theory}},
	journal = "Commun. Math. Phys.",
	volume  = "237",
	pages   = "31--68",
	archivePrefix = "arXiv",
     	eprint        = "0112.041v1",
     	primaryClass  = "math-th",
     }
