@book{ JKK73,
	author	  = {{J. Jędrzejewski, W. Kruczek, A. Kujawski}},
	title	  = {{Zbiór zadań z fizyki dla kandydatów na wyższe uczelnie techniczne}},
	publisher = "Wydawnictwo Naukowo-Techniczne",
	%volume   = "",
	%number   = "",
	%series   = "",
	address   = "Warszawa",
	edition   = "I",
	year      = "1973",
	%month    = "",
	%note     = ""
     }



@book{ Sta80,
	author	  = "W. Stankiewicz",
	title	  = "Zadania z matematyki dla wyższych uczelni technicznych",
	publisher = "Państwowe Wydawnictwo Naukowe",
	volume    = "I",
	%number   = "",
	%series   = "",
	%address  = "",
	edition   = "V -- zmienionine",
        year      = "1980",
        %month    = "",
        %note     = ""
      }



@book{ Fer12,
	author	  = {{Ch. A. Ferrara}},
	title	  = "Liberty: The God That Failed",
	publisher = "Angelico Press",
	%volume   = "",
	%number   = "",
	%series   = "",
	%address  = "",
	edition   = "Second printing",
        year      = "2012",
        %month    = "",
        %note     = ""
     }



@book{ O'Mal11,
	author	  = "J. W. O'Malley SJ",
	title	  = "Co się wydarzy\l{}o podczas Soboru Watyka\'{n}skiego Drugiego",
	publisher = "WAM",
	%volume   = "",
	%number   = "",
	%series   = "",
	%address  = "",
	edition   = "I",
        year      = "2011",
        %month    = "",
        %note     = ""
     }

@book{ CzR04,
	author	  = {{J. Czyżma, E. Roguszczak}},
	title	  = {{J\k{e}zyk \k{l}aci\k{n}ski}},
	publisher = {{Wydawnictwo Uniwersytetu Gda\k{n}skiego}},
	%volume   = "",
	%number   = "",
	%series   = "",
	%address  = "",
	edition   = "V",
        year      = "2004",
        %month    = "",
        %note     = ""
     }
