@book{ MannDoktorFaustus2002,
  author =	 "Tomasz Mann",
  title =	 {{Doktor Faustus. Żywot niemieckiego kompozytora
		  Adriana Leverk\"{u}hna opowiedziany przez jego
		  przyjaciela}},
  publisher =	 {{Porozumienie Wydawców}},
  address =	 {{Kraków}},
  year =	 2002,
  edition =	 {{I}},
}

@book{ MickiewiczKsiegaNaroduPolskieg2004,
  author =	 "Adam Mickiewicz",
  title =	 {{Księgi narodu polskiego i~pielgrzymstwa polskiego}},
  publisher =	 {{Zakład Narodowy im. Ossolińskich}},
  address =	 {{Wrocław}},
  year =	 2004,
  edition =	 {{}},
}

@book{ MickiewiczMysliZdaniaIUwagi2000,
  author =	 "Adam Mickiewicz",
  title =	 {{Myśli, zdania i~uwagi}},
  publisher =	 "Prószyński i~S\dywiz ka",
  address =	 {{Warszawa}},
  year =	 2000,
  edition =	 {{I}},
}

@book{ PrattCoroMalteseBalladaOSlonymMorzu2004,
  author =	 "Hugo Pratt",
  title =	 {{Corto Maltese. Ballada o~słonym morzu}},
  publisher =	 {{Wydawnictwo POST}},
  address =	 {{Kraków}},
  year =	 2004,
  edition =	 {{I}},
  note =	 {{Tłumaczenie z~języka włosckiego: Monika Gurgul.
		  Opracownie graficzne i~liternictwo: Joanna
		  Holeksa\dywiz Szłapa}}
}

@book{ RymkiewiczCichoCiszej2003,
  author =	 "Jarosław Marek Rymkiewicz",
  title =	 {{Cicho ciszej. Wybrane wiersze z~lat 1963--2002}},
  publisher =	 {{Sic!}},
  address =	 {{Warszawa}},
  year =	 2003,
  edition =	 {{I}},
}

@book{ WildsteinPrzyszloscZOgraniczona2010,
  author =	 "Bronisław Wildstein",
  title =	 {{Przyszłość z~ograniczoną odpowiedzialnością}},
  publisher =	 {{Wydawnictwo~M}},
  address =	 {{Kraków}},
  year =	 2010,
  edition =	 {{II}},
}





@Comment ###############################
SHAKESPEARE
@Comment ###############################


@book{ WesoleKumoszkiZWindsoru1998,
  author =	 "William Shakespeare",
  title =	 {{Wesołe kumoszki z~Windsoru}},
  publisher =	 {{Wydawnictwo ZNAK}},
  address =	 {{Kraków}},
  year =	 1998,
  edition =	 {{I}},
}

@book{ Burza1999,
  author =	 "William Shakespeare",
  title =	 {{Burza}},
  publisher =	 {{Wydawnictwo ZNAK}},
  address =	 {{Kraków}},
  year =	 1999,
  edition =	 {{I}},
}










@Comment #####################
EFEKT CASIMIRA TEORIA -- PRACE PRZEGLĄDOWE
@Comment #####################


@article{ BordagMohideenMostepanenkoNewDevelopmentsCasimirEffect2001,
  author =	 "M. Bordag and U. Mohideen and V.M. Mostepanenko",
  title =	 {{New delepoments in~the~Casimir effect}},
  journal =	 {{Physics Reports}},
  year =	 2001,
  volume =	 353,
  number =	 {{1--3}},
  pages =	 {{1--205}},
  doi =		 {https://doi.org/10.1016/S0370-1573(01)00015-1},
  archivePrefix ="arXiv",
  eprint =	 "0106045",
  primaryClass = "quant-ph",
  SLACcitation = "%%CITATION = ARXIV:0106045;%%"
}





@Comment ###############################
FIZYKA FAZY SKONDENSOWANEJ -- ARTYKUŁY
@Comment ###############################


@article{ QiWittenZhangAxionTopologicalFieldTheory2012,
  author =	 "X.-L. Qi and E. Witten and S.-Ch. Zhang",
  title =	 {{Axion topological field theory~of topological
		  superconductors}},
  year =	 {{2012}},
  archivePrefix ="arXiv",
  eprint =	 "1206.1407v2",
  primaryClass = "cond-mat.supr-con",
  journal =	 {{}},
}




@Comment #############################################################
MATEMATYKA
@Comment #############################################################


@article{ Harrsion1993,
  author =	 {{Harrison, J.}},
  title =	 {{Stokes' theorem for nonsmoot chains}},
  year =	 {{1993}},
  journal =	 "Bull. Amer. Math. Soc. (N. S.)",
  volume =	 29,
  pages =	 "235-242",
  archivePrefix ="arXiv:math",
  eprint =	 "9310231v1",
  primaryClass = "math.DG"
}
