@book{ Jon07,
	author	  = "Michael Jones",
	title	  = {{Gwiazda i Krzyż}},
	publisher = {{Wektory}},
	%volume   = "",
	%number   = "",
	%series   = "",
	%address  = "",
	edition   = "I",
        year      = "2007",
        %month    = "",
        %note     = ""
     }

@book{ Krz02,
	author	  = "A. Krzyżanowski",
	title	  = {{Chrześcijańska moralność polityczna. Wybór pism.}},
	publisher = {{Kraków}},
	%volume   = "",
	%number   = "",
	%series   = "",
	%address  = "",
	%edition   = "",
        year      = "2002",
        %month    = "",
        %note     = ""
     }



@book{ Mal84,
	author	  = "B. Malinowski",
	title	  = {{Dzie\l{}a. Tom I: Wierzenia pierwotne i formy ustroju spo\l{}ecznego, O zasadzie ekonomi myślenia}},
	publisher = {{Pa\'{n}stwowe Wydawnictwo Naukowe}},
	%volume   = "",
	%number   = "",
	%series   = "",
	%address  = "",
	edition   = "II",
        year      = "1984",
        %month    = "",
        %note     = ""
     }


@book{ MGMG12,
	author	  = {{A. McGrath, J. C. McGrath}},
	title	  = {{B\'{o}g nie jest urojeniem. Z\l{}udzenie Dawkinsa.}},
	publisher = {{WAM}},
	%volume   = "",
	%number   = "",
	%series   = "",
	%address  = "",
	edition   = "II",
        year      = "2012",
        %month    = "",
        %note     = ""
     }

@book{ Mel09,
	author	  = "M. Melanowicz",
	title	  = {{Japo\'{n}ski dramat telewizyjny}},
	publisher = {{Wydawnictwo Akademickie DIALOG}},
	%volume   = "",
	%number   = "",
	%series   = "",
	%address  = "",
	edition   = "I",
        year      = "2009",
        %month    = "",
        %note     = ""
     }

@book{ PS09,
	author	  = {{M-A. Paveau, G-\'{E}. Sarfati}},
	title	  = {{Wielkie teorie j\k{e}zykoznawcze. Od j\k{e}zykoznawstwa historyczno-por\'{o}wnawczego do pragmatyki.}},
	publisher = {{Wydawnictwo FLAIR}},
	%volume   = "",
	%number   = "",
	%series   = "",
	address  = "Krak\'{o}w",
	%edition   = "",
        year      = "2009",
        %month    = "",
        %note     = ""
     }
