FIZYKA


Fizyka elementarna




@book{ Kle06,
	author	  = "H. Kleinert",
	title	  = {{Path Integrals in Quantuma Mechanics, Statistics, Polymer Physics and Financial Markets}},
	publisher = {{Word Scientific Publishing Co.}},
	%volume   = "",
	%number   = "",
	%series   = "",
	%address  = "",
	edition   = "IV",
        year      = "2006",
        %month    = "",
        %note     = ""
     }



@book{ Gri01,
	author	  = "D. J. Griffits",
	title	  = "Podstawy elektrodynamiki",
	publisher = "Wydawnictwo Naukowe PWN",
	%volume   = "",
	%number   = "",
	%series   = "",
	%address  = "",
	edition   = "I",
        year      = "2001",
        %month    = "",
        %note     = ""
     }



@book{ Roh81,
	author	  = "F. Rohrlich",
	title	  = "Klasyczna teoria cząstek naładowanych",
	publisher = "Państwowe Wydawnictwo Naukowe",
	%volume   = "",
	%number   = "",
	%series   = "",
	%address  = "",
	edition   = "I",
        year      = "1981",
        %month    = "",
        %note     = ""
     }


Fizyka fazy skondensowanej


@book{ IL96,
	author	  = {{H. Ibach, H. L\"uth}},
	title	  = "Fizyka ciała stałego",
	publisher = "Wydawnictwo Naukowe PWN",
	%volume   = "",
	%number   = "",
	%series   = "",
	%address  = "",
	edition   = "I",
        year      = "1996",
        %month    = "",
        %note     = ""
     }


@book{ Sch64,
	author	  = "J. R. Schrieffer",
	title	  = {{Theory of Superconductivity}},
	publisher = "W. A. Benjamin, INC.",
	%volume   = "",
	%number   = "",
	%series   = "",
	%address  = "",
	edition   = "I",
        year      = "1964",
        %month    = "",
        %note     = ""
     }

@book{ Str97,
	author	  = {{A. Strzałkowski}},
	title	  = "Wstęp do fizyki jądra atomowego",
	publisher = "Państwowe Wydawnictwo Naukowe",
	volume    = "V",
	%number   = "",
	series    = "Biblioteka Fizyki",
	%address  = "",
	edition   = "III",
        year      = "1979",
        %month    = "",
        %note     = ""
     }


Fizyka statystyczna





Ogólna teoria względności


@book{ HE73,
	author    = {{S. W. Hawking, G. F. R. Ellis}},
        title     = {{The Large Scale Structure of Space-Time}},
        publisher = "Cambridge University Press",
	%volume   = "",
	%number   = "",
	%series   = "",
	%address  = "",
	%edition  = "",
        year      = "1973",
        %month    = "",
        %note     = ""
        }




Kwantowa teoria pola


@book{ BLP11,
	author	  = {{W. B. Bierestecki, J . M. Lifszyc, L. P. Pitajewski}},
	title	  = {{Elektrodynamika kwantowa}},
	publisher = "Wydawnictwo Naukowe PWN",
	%volume   = "",
	%number   = "",
	%series   = "",
	%address  = "",
	edition   = "II -- zmienione",
        year      = "2011",
        %month    = "",
        %note     = ""
     }

@book{ BS59,
	author	  = {{N. N. Bogoliubov, D. V. Shirkov}},
	title	  = {{Introduction to the theory of quantized fields}},
	publisher = "New York : Interscience Publishers, Inc.",
	%volume   = "",
	%number   = "",
	%series   = "",
	%address  = "",
	edition   = "I",
        year      = "1959",
        %month    = "",
        %note     = ""
     }

@book{ PS95,
	author	  = {{M. E. Peskin, D. V. Schroeder}},
	title	  = {{An Introduction to Quantum Field Theory}},
	publisher = "Westview Press",
	%volume   = "",
	%number   = "",
	%series   = "",
	%address  = "",
	edition   = "I",
        year      = "1995",
        %month    = "",
        %note     = ""
     }


Teoria strun


@book{ GSW87,
	author	  = {{M. B. Green, J. H. Schwarz, E. Witten}},
	title	  = {{Superstring Theory. Volume 1: Introduction.}},
	publisher = "Cambridge University Press",
	%volume    = "I",
	%number   = "",
	%series   = "",
	%address  = "",
	%edition  = "",
        year      = "1987",
        %month    = "",
        %note     = ""
     }


Fizyka matematyczna


@book{ Haa96,
	author	  = "R. Haag",
	title	  = {{Local quantum physics : fields, particles, algebras.}},
	publisher = "Springer",
	%volume   = "",
	%number   = "",
	%series   = "",
	%address  = "",
	edition   = "II",
        year      = "1996",
        %month    = "",
        %note     = ""
     }



@book{ BK84,
	author	  = {{A. W. Bicadze, D. F. Kaliniczenko}},
	title	  = "Zbiórz zadań z równań fizyki matematycznej",
	publisher = "Państwowe Wydawnictwo Naukowe",
	%volume   = "",
	%number   = "",
	%series   = "",
	%address  = "",
	edition   = "I",
        year      = "1984",
        %month    = "",
        %note     = ""
     }



BIOLOGIA



@book{ KŁRSzSz02,
	author	  = "H. Krzanowska, A. Łomnicki, J. Rafiński, H. Szarski, J. M. Szymura",
	title	  = {{Zarys mechanizmów ewolucji}},
	publisher = "Wydawnictwo Naukowe PWN",
	%volume   = "",
	%number   = "",
	%series   = "",
	%address  = "",
	edition   = "III -- zmienione",
        year      = "2002",
        %month    = "",
        %note     = ""
     }



@book{ JLJ98,
	author	  = {{J. Jost, X. Li-Jost}},
	title	  = "Calculus of Variations",
	publisher = "Cambridge University Press",
	%volume   = "",
	%number   = "",
	%series   = "",
	%address  = "",
	%edition   = "",
        year      = "1998",
        %month    = "",
        %note     = ""
      }

Analiza zespolona




@book{ MTPDEI,
	author	  = "M. E. Taylor",
	title	  = "Partial differential equations. Basic theory",
	publisher = "Springer",
	volume    = "I",
	%number   = "",
	%series   = "",
	%address  = "",
	%edition  = "",
        year      = "1996",
        %month    = "",
        %note     = ""
     }

@book{ CzR04,
	author	  = {{J. Czyżma, E. Roguszczak}},
	title	  = {{Język łaciński}},
	publisher = {{Wydawnictwo Uniwersytetu Gdańskiego}},
	%volume   = "",
	%number   = "",
	%series   = "",
	%address  = "",
	edition   = "V",
        year      = "2004",
        %month    = "",
        %note     = ""
     }
