@book{ GKCPW,
	author	  = {{G. K. Chesterton}},
	title	  = "Pisma wybrane",
	publisher = "Znak",
	%volume   = "",
	%number   = "",
	%series   = "",
	%address  = "",
	%edition  = "",
        year      = "1974",
        %month    = "",
        %note     = ""
     }

@book{ BChSW,
	author	  = {{B. Chrząstowska, S. Wysołuch}},
	title	  = "Wiadomości z teorii literatury w analizie literackiej",
	publisher = "Wydawnictwo Szkolne i Pedagogiczne",
	%volume   = "",
	%number   = "",
	%series   = "",
	%address  = "",
	edition  = "I",
        year      = "1974",
        %month    = "",
        %note     = ""
     }

@book{ MGSO,
	author	  = {{M. Głowiński}},
	title	  = "Style odbioru",
	publisher = {{Wydawnictwa Literackie}},
	%volume   = "",
	%number   = "",
	%series   = "",
	%address  = "",
	edition   = "I",
        year      = "1977",
        %month    = "",
        %note     = ""
     }

@book{ MGAOSJSZTL,
	author	  = {{M. Głowiński, A. Okopień-Sławińska, J. Sławiński}},
	title	  = "Zarys teorii literatury",
	publisher = {{Wydawnictwa Szkolne i Pedagogiczne}},
	%volume   = "",
	%number   = "",
	%series   = "",
	%address  = "",
	edition   = "VI -- poprawione",
        year      = "1991",
        %month    = "",
        %note     = ""
     }

@book{ EMJGK,
	author	  = "Michael Jones",
	title	  = {{Gwiazda i Krzyż}},
	publisher = {{Wektory}},
	%volume   = "",
	%number   = "",
	%series   = "",
	%address  = "",
	edition   = "I",
        year      = "2007",
        %month    = "",
        %note     = ""
     }

@book{ EMJGK,
	author	  = "Michael Jones",
	title	  = {{Gwiazda i Krzyż}},
	publisher = {{Wektory}},
	%volume   = "",
	%number   = "",
	%series   = "",
	%address  = "",
	edition   = "I",
        year      = "2007",
        %month    = "",
        %note     = ""
     }

@book{ EMJZM,
	author	  = "E. Michael Jones",
	title	  = {{Zdeprawowani moderniści. Nowoczesność jako usprawiedliwienie seksualnej amoralności.}},
	publisher = {{Wektory}},
	%volume   = "",
	%number   = "",
	%series   = "",
	%address  = "",
	%edition   = "",
        year      = "2013",
        %month    = "",
        %note     = ""
     }

@book{ EMJLD,
	author	  = "E. Michael Jones",
	title	  = {{Libido dominandi. Seks jako narzędzie kontroli społecznej.}},
	publisher = {{Wektory}},
	%volume   = "",
	%number   = "",
	%series   = "",
	%address  = "",
	%edition   = "",
        year      = "2013",
        %month    = "",
        %note     = ""
     }

@book{ RKDM,
	author	  = "R. Kimball",
	title	  = {{Długi marsz. Jak rewolucja kulturalna z lat 60. zmieniła Amerykę.}},
	publisher = {{Sprawy Polityczne s.c.}},
	%volume   = "",
	%number   = "",
	%series   = "",
	%address  = "",
	edition   = "I",
        year      = "2008",
        %month    = "",
        %note     = ""
     }

@book{ RKDM,
	author	  = "A. Kowalczykowa",
	title	  = {{Słowacki}},
	publisher = {{Wydawnictwo Naukowe PWN}},
	%volume   = "",
	%number   = "",
	%series   = "",
	%address  = "",
	edition   = "II -- uzupełnione",
        year      = "1999",
        %month    = "",
        %note     = ""
     }


@book{ AKChMPWPs,
	author	  = "A. Krzyżanowski",
	title	  = {{Chrześcijańska moralność polityczna. Wybór pism.}},
	publisher = {{Kraków}},
	%volume   = "",
	%number   = "",
	%series   = "",
	%address  = "",
	%edition   = "",
        year      = "2002",
        %month    = "",
        %note     = ""
     }

@book{ ZKMGRz,
	author	  = "Z. Kubiak",
	title	  = {{Mitologia Greków i Rzymian}},
	publisher = {{Świat Książki}},
	%volume   = "",
	%number   = "",
	%series   = "",
	%address  = "",
	%edition   = "",
        year      = "2003",
        %month    = "",
        %note     = ""
     }

@book{ CLSSG,
	author	  = "C. Levi-Strauss",
	title	  = {{Surowe i gotowane}},
	publisher = {{Aletheia}},
	%volume   = "",
	%number   = "",
	%series   = "",
	%address  = "",
	%edition   = "",
        year      = "2010",
        %month    = "",
        %note     = ""
     }

@book{ BMDI,
	author	  = "B. Malinowski",
	title	  = {{Dzieła. Tom I: Wierzenia pierwotne i formy ustroju społecznego, O zasadzie ekonomi myślenia}},
	publisher = {{Państwowe Wydawnictwo Naukowe}},
	%volume   = "",
	%number   = "",
	%series   = "",
	%address  = "",
	edition   = "II",
        year      = "1984",
        %month    = "",
        %note     = ""
     }

@book{ AMGBD,
	author	  = "A. McGrath",
	title	  = {{Bóg Dawkinsa. Geny, memy i sens życia.}},
	publisher = {{Wydawnictwo Uniwersytetu Jagiellońskiego}},
	%volume   = "",
	%number   = "",
	%series   = "",
	%address  = "",
	edition   = "I",
        year      = "2008",
        %month    = "",
        %note     = ""
     }
@book{ AMGJCMGBNJU,
	author	  = {{A. McGrath, J. C. McGrath}},
	title	  = {{Bóg nie jest urojeniem. Złudzenie Dawkinsa.}},
	publisher = {{WAM}},
	%volume   = "",
	%number   = "",
	%series   = "",
	%address  = "",
	edition   = "II",
        %year      = "",
        %month    = "",
        %note     = ""
     }

@book{ AMGBD,
	author	  = "M. Melanowicz",
	title	  = {{Japoński dramat telewizyjny}},
	publisher = {{Wydawnictwo Akademickie DIALOG}},
	%volume   = "",
	%number   = "",
	%series   = "",
	%address  = "",
	edition   = "I",
        year      = "2009",
        %month    = "",
        %note     = ""
     }

@book{ MSKDJSES,
	author	  = "M. Sokołowski",
	title	  = {{Król Duch Juliusza Słowackiego a epopeja słowiańska}},
	publisher = "Wydawnictwo IBL PAN",
	%volume   = "",
	%number   = "",
	%series   = "",
	%address  = "",
	%edition   = "",
        year      = "2004",
        %month    = "",
        %note     = ""
     }

@book{ WSzFG,
	author	  = "W. Sztruc",
	title	  = {{Faust Goethego. Ku antropologii romantycznej.}},
	publisher = "Kraków",
	%volume   = "",
	%number   = "",
	%series   = "",
	%address  = "",
	edition   = "I",
        year      = "1995",
        %month    = "",
        %note     = ""
     }

@book{ JTPK,
	author	  = "J. R. R. Tolkien",
	title	  = {{Potwory i krytycy}},
	%publisher = "vis\dywiz \grave{a}\dywiz vis \emph{etiuda}", Jest to dobry wydawca tylko kompiluje się źle.
	%volume   = "",
	%number   = "",
	%series   = "",
	%address  = "",
	edition   = "I",
        year      = "2010",
        %month    = "",
        %note     = ""
     }

@book{ AWSU,
	author	  = {{A. H. Winsnes}},
	title	  = {{Sigrid Undset}},
	publisher = {{Instytut Wydawniczy PAX}},
	%volume   = "",
	%number   = "",
	%series   = "",
	%address  = "",
	edition   = "I",
        year      = "1959",
        %month    = "",
        %note     = ""
     }

@book{ PPRII,
	author	  = {{Red. M. Żmigrodzka}},
	title	  = {{Problemy polskiego romantyzmu. Seria druga.}},
	publisher = {{Wydawnictwo Polskiej Akademii Nauk}},
	%volume   = "",
	%number   = "",
	%series   = "",
	%address  = "",
	%edition   = "",
        year      = "1974",
        %month    = "",
        %note     = ""
     }

@book{ PPRIII,
	author	  = {{Red. M. Żmigrodzka}},
	title	  = {{Problemy polskiego romantyzmu. Seria trzecia.}},
	publisher = {{Wydawnictwo Polskiej Akademii Nauk}},
	%volume   = "",
	%number   = "",
	%series   = "",
	%address  = "",
	edition   = "I",
        year      = "1981",
        %month    = "",
        %note     = ""
     }



HISTORIA



@book{ NBEHM,
	author	  = "N. Bourbaki",
	title	  = "Elementy historii matematyki",
	publisher = "Państwowe Wydawnictwo Naukowe",
	%volume   = "",
	%number   = "",
	%series   = "",
	%address  = "",
	edition   = "I",
        year      = "1980",
        %month    = "",
        %note     = ""
     }


@book{ EGMINHK,
	author	  = {Red. E. Guerriero, M. Impagliazzo},
	title	  = {Najnowsza historia Kościoła},
	publisher = "Wydawnictwo M",
	%volume   = "",
	%number   = "",
	%series   = "",
	%address  = "",
	%edition   = "",
        year      = "2006",
        %month    = "",
        %note     = ""
     }


@book{ JOMCZPSWD,
	author	  = "J. W. O'Malley SJ",
	title	  = "Co się wydarzyło podczas Soboru Watykańskiego Drugiego",
	publisher = "WAM",
	%volume   = "",
	%number   = "",
	%series   = "",
	%address  = "",
	edition   = "I",
        year      = "2011",
        %month    = "",
        %note     = ""
     }

@book{ RRJPBA,
	author	  = {{R. Rhodes}},
	title	  = {{Jak powstała bomba atomowa}},
	publisher = {{Prószyński i S-ka}},
	%volume   = "",
	%number   = "",
	%series   = "",
	%address  = "",
	%edition   = "",
        year      = "2000",
        %month    = "",
        %note     = ""
     }

@book{ WSL,
	author	  = {{W. Suworow}},
	title	  = {{Lodołamacz}},
	publisher = {{Wydawnictwo Adamski i Bieliński}},
	%volume   = "",
	%number   = "",
	%series   = "",
	%address  = "",
	edition   = "Wydanie pierwsze w tej edycji, poprawione i uzupełnione",
        year      = "1997",
        %month    = "",
        %note     = ""
     }



MUZYKA



@book{ FWZM,
	author	  = "F. Wesołowski",
	title	  = "Zasady muzyki",
	publisher = {{Polskie Wydawnictwo Muzyczne}},
	%volume   = "",
	%number   = "",
	%series   = "",
	%address  = "",
	edition   = "VII",
        year      = "1986",
        %month    = "",
        %note     = ""
     }



ISLAM



JĘZYKI



@book{ PBGJP,
	author	  = "P. Bąk",
	title	  = {{Gramatyka języka polskiego. Zarys popularny.}},
	publisher = "Wiedza Powszechna",
	%volume   = "",
	%number   = "",
	%series   = "",
	%address  = "",
	edition   = "III",
        year      = "1979",
        %month    = "",
        %note     = ""
     }





@book{ MWDE,
	author	  = {{Red. L. A. Steen}},
	title	  = {{Matematyka współczesna. Dwanaście esejów.}},
	publisher = "Wydawnictwo Naukowo-Techniczne",
	%volume   = "",
	%number   = "",
	%series   = "",
	%address  = "",
	%edition  = "",
        year      = "1983",
        %month    = "",
        %note     = ""
     }
