@Comment

@Comment @book{ ThornHillaryIBillClintonowieTomI16,
@Comment   author =	 "Victor Thorn",
@Comment   title =	 {{Tomasz Mann. Dzieje rozwoju osobowości twórczej}},
@Comment   publisher =	 {{Instytut Wydawniczy PAX}},
@Comment   address =	 "Warszawa",
@Comment   edition =	 {{I}},
@Comment   year =	 1975,
@Comment }