@Comment ##############################################################
@Comment ##############################################################
MITOLOGIE
@Comment ##############################################################
@Comment ##############################################################


@book{ KunstlerMitologiaChinska1981,
  author =	 {Mieczysław J. K\"{u}nstler},
  title =	 {Mitologia chińska},
  publisher =	 {Wydawnictwa Artystyczne i~Filmowe},
  address =	 {Warszawa},
  year =	 1981,
  edition =	 {{II}},
  series =	 {Mitologie świata},
}
@Comment Popraw numer wydania


@book{ LyczkowskaSzarzynskaMitologiaMezopotamii1981,
  author =	 {Łyczkowska, Krystyna and Szarzyńska, Krystyna},
  title =	 {Mitologia Mezopotamii},
  publisher =	 {Wydawnictwa Artystyczne i~Filmowe},
  address =	 {Warszawa},
  year =	 1981,
  edition =	 {{I}},
  series =	 {Mitologie świata},
}


@book{ PiekarczykMitologiaGermanska1979,
  author =	 {Stanisława Piekarczyk},
  title =	 {Mitologia Germańska},
  publisher =	 {Wydawnictwa Artystyczne i~Filmowe},
  address =	 {Warszawa},
  year =	 1979,
  edition =	 {{I}},
}


@book{ PietrzykowskiMitologiaStarozytnejGrecji1985,
  author =	 {Michał Pietrzykowski},
  title =	 {Mitologia starożytnej Grecji},
  publisher =	 {Wydawnictwa Artystyczne i~Filmowe},
  address =	 {Warszawa},
  year =	 1985,
  edition =	 {{IV}},
  series =	 {Mitologie świata},
}


@book{ TubielewiczMitologiaJaponii1980,
  author =	 {Jolanta Tubielewicz},
  title =	 {Mitologia Japonii},
  publisher =	 {Wydawnictwa Artystyczne i~Filmowe},
  address =	 {Warszawa},
  year =	 1980,
  edition =	 {{II}},
  series =	 {Mitologie świata},
}





@Comment ##############################################################
@Comment ##############################################################
ANALIZY I REFLEKSJE NAD MITOLOGIĄ
@Comment ##############################################################
@Comment ##############################################################



@Comment ##############################################################
@Comment ##############################################################
ANALIZY I REFLEKSJE NAD RÓŻNYMI WIERZENIAMI I PRZEKONANIAMI
@Comment ##############################################################
@Comment ##############################################################


@book{ IwickaZrodlaKlasycznejDemonologiJaponskiej2017,
  author =	 {Renata Iwicka},
  title =	 {Źródła klasycznej demonologii japońskiej},
  publisher =	 {Wydawnictwo Uniwersytetu Jagiellońskiego},
  address =	 {Kraków},
  year =	 2017,
  edition =	 {{I}},
}







@Comment ##############################################################
@Comment ##############################################################
HISTORIA IDEII
@Comment ##############################################################
@Comment ##############################################################


@book{ PatriotyzmPolakow2006,
  author =	 {Red.~Jacek Kloczkowski},
  title =	 {Patriotyzm Polaków. Studia z~historii idei},
  publisher =	 {Ośrodek Myśli Politycznej, Wyższa Szkoła Europejska
		  im.~ks.~J.~Tischnera},
  address =	 {Kraków},
  year =	 2006,
  edition =	 {{I}},
  series =	 {Polskie Tradycje Intelektualne},
  volume =	 {{I}},
}







@Comment #############################################################
@Comment #############################################################
REFLEKSJE NAD POLSKĄ
@Comment #############################################################
@Comment #############################################################


@book{ KaminskiRomantyzmAIdeologia1980,
  author =	 {Leszek Kamiński},
  title =	 {Romantyzm a~ideologia. Główne ugrupowania polityczne
		  Drugiej Rzeczpospolitej wobec tradycji romantycznej},
  publisher =	 {Zakład Narodowy Imienia Ossolińskich. Wydawnictwo
		  Polskiej Akademii Nauk},
  address =	 {Wrocław, Warszawa, Kraków, Gdańsk},
  year =	 1980,
  edition =	 {{XII}},
  series =	 {Biblioteka Towarzystwa Literackiego im.~Adama
		  Mickiewicza},
}


@book{ KaniewskaLegezynskaSliwinski2005,
  author =	 {B. Kaniewska, A. Legeżyńska, P. Śliwiński},
  title =	 {Literatura polska XX wieku},
  publisher =	 {Wydawnictwo Poznańskie},
  address =	 {Poznań},
  year =	 2005,
}


@book{ KwiatkowskiSzeptanka1990,
  author =	 {Tadeusz Kwiatkowski},
  title =	 {Szeptanka},
  publisher =	 {Oficyna Cracovia},
  address =	 {Kraków},
  year =	 1990,
  edition =	 {{I}},
}








@book{ SowaFantomoweCialoKrola2011,
  author =	 {Jan Sowa},
  title =	 {Fantomowe ciało króla. Peryferyjne zmagania
		  z~nowoczesną formą},
  publisher =	 {UNIVERSITAS},
  address =	 {Kraków},
  year =	 2011,
  edition =	 {{I}},
}


@book{ TazbirKulturaSzlacheckaWPolsce2013,
  author =	 {Janusz Tazbir},
  title =	 {Kultura szlachecka w~Polsce. Rozkwit --~upadek
		  --~relikty},
  publisher =	 {Wydawnictwo Nauka i~Innowacje},
  address =	 {Poznań},
  year =	 2013,
  edition =	 {{}},
}


@book{ MistrzWincentyKonferencja2001,
  author =	 {Red. Krzysztof R.~Prokop},
  title =	 {Mistrz Wincenty Kadłubek. Człowiek i~dzieło,
		  pośmiertny kult i~legenda},
  publisher =	 {Polska Akademia Umiejętności},
  address =	 {Kraków},
  year =	 2001,
  edition =	 {{I}},
}

@Comment B. K\"urbis ,,Jak Mistrz Wincenty pisał historię Polski''.
@Comment Praca znajduje sie w książce opisanej powyżej.







@Comment #############################################################
@Comment #############################################################
REFLEKSJE NAD WSCHODNIĄ EURAZJĄ
@Comment #############################################################
@Comment #############################################################


@book{ KimKoreanczycyChinczycyJaponczycy2010,
  author =	 {Munhak Kim},
  title =	 {Koreańczycy, Chińczycy, Japończycy},
  publisher =	 {Kwiaty Orientu},
  address =	 {Skarżysko-Kamienna},
  year =	 2010,
  edition =	 {{I}},
  note =	 {Tłum. Maria Kalisz},
}














@Comment #############################################################
@Comment #############################################################
EKONOMIA
@Comment #############################################################
@Comment #############################################################


@book{ VaroufakisGlobalnyMinotaur2015,
  author =	 {Yanis Varoufakis},
  title =	 {Globalny Minotaur. Ameryka, Europa i~przyszłość
		  światowej gospodarki},
  publisher =	 {Wydawnictwo Naukowe PWN~SA},
  address =	 {Warszawa},
  year =	 2015,
  edition =	 {{I}},
  note =	 {Tłum. Joanna Bednarek},
}


@book{ VaroufakisASlabiMuszaUlegac2017,
  author =	 {Janis Waroufakis},
  title =	 {A~słabi muszą ulegać? Europa, polityka
		  oszczędnościowa a~zagrożenie dla~globalnej
		  stabilizacji},
  publisher =	 {Wydawnictwo Krytyki Politycznej},
  address =	 {Warszawa},
  year =	 2017,
  edition =	 {{I}},
  note =	 {Tłum. Robert Mitoraj},
}







@Comment #############################################################
@Comment #############################################################
JĘZYKI
@Comment #############################################################
@Comment #############################################################


@book{ DanetOJezykuPospolitym2002,
  author =	 {Dante},
  title =	 {O~języku pospolitym},
  publisher =	 {Wydawnictwo ANTYK},
  address =	 {Kęty},
  year =	 2002,
  edition =	 {{I}},
  series =	 {Biblioteka Europejska},
  volume =	 12,
}







@Comment #############################################################
JĘZYK POLSKI
@Comment #############################################################


@book{ TittenbrunowieSlownikOrtograficzny1999,
  author =	 {Krystyna i~Mieczysław Tittenbrunowie},
  title =	 {Podręczny słownik ortograficzny ze~skróconymi
		  zasadami pisowni},
  publisher =	 {KASTOR},
  address =	 {Warszawa},
  year =	 1999,
  edition =	 {{I}},
}







@Comment #############################################################
@Comment #############################################################
POLITYKA I SPRAWY ZWIĄZANE
@Comment #############################################################
@Comment #############################################################


@book{ GuerotEuropejskaWojnaDomowa2017,
  author =	 {Ulrike Gu{\'{e}}rot},
  title =	 {Europejska wojna domowa},
  publisher =	 {Wydawnictwo Krytyki Politycznej},
  address =	 {Warszawa},
  year =	 2017,
  edition =	 {{I}},
  note =	 {Tłum. Bartosz Nowacki}
}







@Comment #############################################################
@Comment #############################################################
ESEJE, FELIETON, PUBLICYSTYKA
@Comment #############################################################
@Comment #############################################################


@book{ ChodakiewiczTransformacjaCzyNiepodleglosc2014,
  author =	 {Marek Jan Chodakiewicz},
  title =	 {Transformacja czy~niepodległość?},
  publisher =	 {PATRIA MEDIA},
  address =	 {Kraków},
  year =	 2014,
  edition =	 {{I}},
  note =	 {Wstęp, wybór i~opracowanie tekstów: Adam
		  Chmielnicki},
}


@book{ ChodakiewiczOCywilizacjiSmierci2019,
  author =	 {Marek Jan Chodakiewicz},
  title =	 {O~cywilizacji śmierci. Jak zatrzymać antykulturę
                  totalitarnych mniejszości},
  publisher =	 {3S~MEDIA Sp.~z~o.o.},
  address =	 {Warszawa},
  year =	 2019,
  edition =	 {{I}},
  series =	 {Biblioteka Wolności},
}


@book{ KrasnodebskiDrzemkaRozsadnych2006,
  author =	 {Zdzisław Krasnodębski},
  title =	 {Drzemka rozsądnych. Zebrane eseje i~szkice},
  publisher =	 {Ośrodek Myśli Politycznej. Wyższa Szkoła Europejska
                  im.~ks.~Józefa Tischnera},
  address =	 {Kraków},
  year =	 2006,
  edition =	 {{I}},
  series =	 {Biblioteka Myśli Politycznej},
  volume =	 47,
}


@book{ KrasnodebskiWiekszegoCuduNieBedzie2011,
  author =	 {Zdzisław Krasnodębski},
  title =	 {Większego cudu nie będzie. Zebrane eseje
                  i~szkice~IV},
  publisher =	 {Ośrodek Myśli Politycznej},
  address =	 {Kraków},
  year =	 2011,
  edition =	 {{I}},
}


@book{ KrasnodebskiZwyciezcaPoPrzejsciach2012,
  author =	 {Zdzisław Krasnodębski},
  title =	 {Zwycięzca po przejściach: zebrane eseje i~szkice~V},
  publisher =	 {Ośrodek Myśli Politycznej},
  address =	 {Kraków},
  year =	 2012,
  edition =	 {{I}},
}


@book{ LegutkoIKtoTuJestCiemniakiem1996,
  author =	 {Ryszard Legutko},
  title =	 {I~kto tu jest ciemniakiem},
  publisher =	 {Wydawnictwo ARCANA},
  address =	 {Kraków},
  year =	 1996,
  edition =	 {{I}},
}


@book{ TischnerNieszczesnyDarWolnosci1996,
  author =	 {Ks.~Józef Tischner},
  title =	 {Nieszczęsny dar wolności},
  publisher =	 {ZNAK},
  address =	 {Kraków},
  year =	 1996,
  edition =	 {{II}},
}







@Comment ##############################################################
@Comment ##############################################################
JESZCZE NIE JESTEM W STANIE TEGO SKLASYFIKOWAĆ
@Comment ##############################################################
@Comment ##############################################################


@book{ ScrutonZielonaFilozofia2017,
  author =	 {Roger Scruton},
  title =	 {Zielona filozofia. Jak poważnie myśleć o~naszej planecie},
  publisher =	 {Zysk i~S-ka},
  address =	 {Poznań},
  year =	 2017,
  edition =	 {I},
  note =	 {Przekład Justyna Grzegorczyk, Rafał Paweł
                  Wierzchosławski}
}










@book{ PBGJP,
	author	  = "P. Bąk",
	title	  = {{Gramatyka języka polskiego. Zarys popularny.}},
	publisher = "Wiedza Powszechna",
	%volume   = "",
	%number   = "",
	%series   = "",
	%address  = "",
	edition   = "III",
        year      = "1979",
        %month    = "",
        %note     = ""
     }









@book{ ChestertonCoJestZleWSwiecie2013,
  author =	 {Gilbert Keith Chesterton},
  title =	 {Co jest złe w~świecie},
  publisher =	 {Wydawnictwo Diecezjalne i~Drukarnia w~Sandomierzu},
  address =	 {Sandomierz},
  year =	 2013,
  note =	 {Tłum. Macier Reda},
}




@book{ ThompsonMroczneSerceHollywood2014,
  author =	 {Douglas Thompson},
  title =	 {Mroczne serce Hollywood},
  publisher =	 {Black Publishing},
  address =	 {Wołowiec},
  year =	 2014,
  edition =	 {{I}},
  note =	 {Tłum. Robert Pucek},
}