@Comment ##############################################################
@Comment ##############################################################
@Comment MYTHOLOGY
@Comment ##############################################################
@Comment ##############################################################


@book{ KunstlerMitologiaChinska1981,
  author =	 {Mieczysław J. K\"{u}nstler},
  title =	 {Mitologia chińska},
  publisher =	 {Wydawnictwa Artystyczne i~Filmowe},
  address =	 {Warszawa},
  year =	 1981,
  edition =	 {{II}},
  series =	 {Mitologie świata},
}
@Comment Popraw numer wydania



@book{ LyczkowskaSzarzynskaMitologiaMezopotamii1981,
  author =	 {Krystyna Łyczkowska and Krystyna Szarzyńska},
  title =	 {Mitologia Mezopotamii},
  publisher =	 {Wydawnictwa Artystyczne i~Filmowe},
  address =	 {Warszawa},
  year =	 1981,
  edition =	 {{I}},
  series =	 {Mitologie świata},
}



@book{ PiekarczykMitologiaGermanska1979,
  author =	 {Stanisława Piekarczyk},
  title =	 {Mitologia Germańska},
  publisher =	 {Wydawnictwa Artystyczne i~Filmowe},
  address =	 {Warszawa},
  year =	 1979,
  edition =	 {{I}},
}



@book{ PietrzykowskiMitologiaStarozytnejGrecji1985,
  author =	 {Michał Pietrzykowski},
  title =	 {Mitologia starożytnej Grecji},
  publisher =	 {Wydawnictwa Artystyczne i~Filmowe},
  address =	 {Warszawa},
  year =	 1985,
  edition =	 {{IV}},
  series =	 {Mitologie świata},
}



@book{ TubielewiczMitologiaJaponii1980,
  author =	 {Jolanta Tubielewicz},
  title =	 {Mitologia Japonii},
  publisher =	 {Wydawnictwa Artystyczne i~Filmowe},
  address =	 {Warszawa},
  year =	 1980,
  edition =	 {{II}},
  series =	 {Mitologie świata},
}










@Comment ##############################################################
@Comment ANALYSIS AND REFLECTIONS ON MYTHOLOGY
@Comment ##############################################################










@Comment #############################################################
@Comment #############################################################
@Comment HISTORICAL ANALYSIS OF CIVILISATION AND CULTURE
@Comment #############################################################
@Comment #############################################################


@book{ EMichaelJonesZdeprawowaniModernisci2014,
  author =	 {Eugen Michael Jones},
  title =	 {Zdeprawowani moderniści. Nowoczesność jako
                  usprawiedliwienie seksualnej amoralności},
  publisher =	 {Wektory},
  address =	 {Wrocław},
  year =	 2014,
  edition =	 {{I}},
  note =	 {Tłum. Jerzy Morka},
}



@book{ EMichaelJonesLibidoDominandi2013,
  author =	 {Eugen Michael Jones},
  title =	 {Libido dominandi. Seks jako narzędzie kontroli
		  społecznej},
  publisher =	 {Wektory},
  address =	 {Wrocław},
  year =	 2013,
  edition =	 {{I}},
  note =	 {Tłum. Jerzy Morka}
}










@Comment #############################################################
@Comment #############################################################
@Comment SOCIAL SCIENCES
@Comment #############################################################
@Comment #############################################################


@Comment #############################################################
@Comment ANTHROPOLOGY
@Comment #############################################################


@book{ MalinowskiDzielaTomI1984,
  author =	 {Bronisław Malinowski},
  title =	 {Dzieła. Tom I: Wierzenia pierwotne i formy ustroju
                  społecznego, O zasadzie ekonomi myślenia},
  publisher =	 {Państwowe Wydawnictwo Naukowe},
  year =	 1984,
  edition =	 {II},
}



@book{ LeviStraussSuroweIGotowane2010,
  author =	 {Claude Levi-Strauss},
  title =	 {Surowe i gotowane},
  publisher =	 {Aletheia},
  year =	 2010,
}










@Comment #############################################################
@Comment SOCIOLOGY
@Comment #############################################################


@book{ AltermattKatolicyzmANowoczesnySwiat1995,
  author =	 {U. Altermatt},
  title =	 {Katolicyzm a~Nowoczesny Świat},
  publisher =	 {Wydawnictwo Znak},
  address =	 {Kraków},
  year =	 1995,
  edition =	 {{I}},
}



@book{ EdensorTozsamoscNarodowaKulturaPopularnaIZycieCodzienne2004,
  author =	 {Tim Edensor},
  title =	 {Tożsamość narodowa, kultura popularna i~życie
                  codzienne},
  publisher =	 {Wydawnictwo Uniwersytetu Jagiellońskiego},
  address =	 {Kraków},
  year =	 2004,
  edition =	 {{I}},
  series =	 {Cultura},
}










@Comment #############################################################
@Comment #############################################################
@Comment ANALYSIS AND REFLECTIONS ON CULTURE
@Comment #############################################################
@Comment #############################################################


@book{ JanionNiesamowitaSlowianszczyzna2006,
  author =	 {Maria Janion},
  title =	 {Niesamowita Słowiańszczyzna},
  publisher =	 {Wydawnictwo Literackie},
  address =	 {Kraków},
  year =	 2006,
  edition =	 {{II}},
}



@book{ MiloszZiemiaUrlo1982,
  author =	 {Czesław Miłosz},
  title =	 {Ziemia Ulro},
  publisher =	 {Państwowy Instytut Wydawniczy},
  address =	 {Warszawa},
  year =	 1982,
  edition =	 {{I}},
}



@book{ OramusDarwinoskieParadygmaty2015,
  author =	 {Dominika Oramus},
  title =	 {Darwinowskie paradygmaty. Mit teorii ewolucji
                  w~kulturze współczesnej},
  publisher =	 {Copernicus Ceter Press},
  address =	 {Kraków},
  year =	 2015,
  edition =	 {{I}},
}



@book{ ScrutonPrzewodnikKulturzeNowoczesnej2006,
  author =	 {Roger Scruton},
  title =	 {Przewodnik po~kulturze nowoczesnej
		  dla~inteligentnych},
  publisher =	 {Wydawnictwo Thesaurus},
  address =	 {Łódź-Wrocław},
  year =	 2006,
  edition =	 {{?}},
  note =	 {Tłum. Jerzy Prokopiuk, Jan Przybył},
}










@Comment #############################################################
@Comment ANALYSIS AND REFLECTIONS ON WEST EUROASIA CULTURE
@Comment #############################################################


@book{ LewisOdrzuconyObraz2008,
  author =	 {C.S. Lewis},
  title =	 {Odrzucony obraz. Wprowadzenie do~literatury
                  średniowiecznej i~renesansowej},
  publisher =	 {Wydawnictwo ZNAK},
  address =	 {Kraków},
  year =	 2008,
  edition =	 {{II}},
  note =	 {Tłum. Witold Ostrowski},
}










@Comment #############################################################
@Comment CIVILISATION AND CULTURE IN XIX AND XX
@Comment #############################################################


@book{ KrasnodebskiPostrmoderinstyczneRozterkiKultury1996,
  author =	 {Zdzisław Krasnodębski},
  title =	 {Postmodernistyczne rozterki kultury},
  publisher =	 {Oficyna Naukowa},
  address =	 {Warszawa},
  year =	 1996,
  edition =	 {{I}},
  series =	 {Terminus},
  volume =	 8,
}










@Comment #############################################################
@Comment CIVILISATION AND CULTURE IN XX AND XXI
@Comment #############################################################


@book{ EdwardsAmerykanskiKonserwatyzm2013,
  author =	 {L. Edwards},
  title =	 {Amerykański konserwatyzm. Krótka historia},
  publisher =	 {Wydawnictwo Słowa i Myśli},
  year =	 2013,
  edition =	 {I},
}



@book{ FurediGdzieSiePodzialiIntelektualisci2008,
  author =	 {Frank Furedi},
  title =	 {Gdzie~się podziali wszyscy intelektualiści?},
  publisher =	 {Państwowy Instytut Wydawniczy},
  address =	 {Warszawa},
  year =	 2008,
  edition =	 {{I}},
  note =	 {Tłum. Katarzyna Makaruk},
}



@book{ GolicynNoweKlamstwa,
  author =	 {A. Golicyn},
  title =	 {Nowe kłamstwa w~miejsce starych},
  publisher =	 {Wydawnictwa Antyk --~Marcin Dybowski},
  address =	 {Komorów},
  year =	 {{}},
  edition =	 {{II}},
  series =	 {Psychosocjotechnika, manipulacja},
}



@book{ JamesonPostmodernizm2011,
  author =	 {Frederic Jameson},
  title =	 {Postmodernism, czyli~logika kulturowa późnego
                  kapitalizmu},
  publisher =	 {Wydawnictwo Uniwersytetu Jagiellońskiego},
  address =	 {Kraków},
  year =	 2017,
  edition =	 {{I}},
  series =	 {Eidos},
  note =	 {Tłum. Maciej Płaz},
}



@book{ SokalBricmontModneBzdury2004,
  author =	 {Alan Sokal and Jean Bricmont},
  title =	 {Modne bzdury. O~nadużywaniu pojęć z~zakresu nauk
                  ścisłych przez postmodernistycznych
                  intelektualistów},
  publisher =	 {Prószyński i~S-ka},
  address =	 {Warszawa},
  year =	 2004,
  edition =	 {II?},
}










@Comment #############################################################
@Comment CIVILISATION AND CULTURE IN POLAND
@Comment #############################################################


@book{ WegnerBiesySarmackie,
  author =	 {Jacek Wegner},
  title =	 {Biesy sarmackie},
  publisher =	 {Wydawnictwo von borowiecky},
  address =	 {Warszawa},
  year =	 2003,
  edition =	 {{I}},
}










@Comment #############################################################
@Comment EAST EUROASIA
@Comment #############################################################










@Comment #############################################################
@Comment #############################################################
@Comment BUDDHISM
@Comment #############################################################
@Comment #############################################################


@book{ LubacAspektyBuddyzmu1995,
  author =	 {Henri de Lubac},
  title =	 {Aspekty buddyzmu},
  publisher =	 {Znak},
  address =	 {Kraków},
  year =	 1995,
  edition =	 {{I}},
  series =	 {Teologia żywa},
  note =	 {Tłum. Ireneusz Kania},
}
@Comment Zacząć czytanie od strony 126.









@Comment #############################################################
@Comment SUSPICIOUS WORKS
@Comment #############################################################










@Comment #############################################################
@Comment #############################################################
@Comment HUMOR
@Comment #############################################################
@Comment #############################################################



@Comment #############################################################
@Comment POLISH HUMOR
@Comment #############################################################


@book{ TrzaskaKlubMaszkatalskiegoDrugiTysiacDowcipow1990,
  author =	 {Aleksander Trzaska},
  title =	 {Klub Maszkatalskiego. Drugi tysiąc dowcipów},
  publisher =	 {Krajowa Agencja Wydawnicza},
  address =	 {Katowice},
  year =	 1990,
  edition =	 {{I}},
  note =	 {Zebrał, opracował i~wstępem opatrzył Aleksander
                  Trzaska},
}










@Comment #############################################################
@Comment JEWISH HUMOR
@Comment #############################################################


@book{ SafrinPrzySzabasowychSwiecachWieczorDrugi1990,
  author =	 {Haracy Safrin},
  title =	 {Przy szabaszowych świecach. Wieczór drugi},
  publisher =	 {Omega},
  address =	 {Warszawa},
  year =	 1990,
  edition =	 {{III}},
}










@Comment #############################################################
@Comment #############################################################
@Comment MOVIES
@Comment #############################################################
@Comment #############################################################


@book{ GwozdzEuropejskieManifestyKina2002,
  author =	 {Wyb.~Andrzej Gwóźdź},
  title =	 {Europejskie manifesty kina. Od~Matuszewskiego
                  do~Dogmy. Antologia},
  publisher =	 {Wiedza Powszechna},
  series =	 {Klasyka Światowej Humanistyki},
  address =	 {Warszawa},
  year =	 2002,
  edition =	 {{I}},
}



@book{ DeleuzeKinoObrazRuchObrazCzas2008,
  author =	 {Gilles Deleuze},
  title =	 {Kino. 1.~Obraz\dywiz{}ruch. 2.~Obraz\dywiz{}czas},
  publisher =	 {słowo/obraz terytoria},
  address =	 {Gdańsk},
  year =	 2008,
  edition =	 {{I}},
  series =	 {Klasyka Światowej Humanistyki},
}



@book{ LoskaHitchcockAutorWsrodGatunkow2002,
  author =	 {Krzysztof Loska},
  title =	 {Hitchcock --~autor wśród gatunków},
  publisher =	 {Rabid},
  address =	 {Kraków},
  year =	 2002,
  edition =	 {{I}},
}










@Comment #############################################################
@Comment POLISH CINEMA
@Comment #############################################################


@book{ HaltofKinoPolskie2004,
  author =	 {Marek Haltof},
  title =	 {Kino Polskie},
  publisher =	 {słowo/obraz terytoria},
  address =	 {Gdańsk},
  year =	 2004,
  edition =	 {{I}},
}



@book{ KornackiPopiolIDiament2011,
  author =	 {Krzysztof Kornacki},
  title =	 {Popiół i~diament Andrzeja Wajdy},
  publisher =	 {słowo/obraz terytoria},
  address =	 {Gdański},
  year =	 2011,
  edition =	 {{I}},
}










@Comment #############################################################
@Comment CINEMA OF EAST EUROASIA
@Comment #############################################################


@book{ KletowskiKinoDalekiegoWschodu2009,
  author =	 {Piotr Kletowski},
  title =	 {Kino Dalekiego Wschodu},
  publisher =	 {Wydawnictwo Krytyki Politycznej},
  address =	 {Warszawa},
  year =	 2009,
  edition =	 {{I}},
}



@book{ KletowskiSfilomowacDusze,
  author =	 {Piotr Kletowski},
  title =	 {Sfilmować duszę. Mała historia kina japońskiego},
  publisher =	 {Centrum Sztuki i~Techniki Japońskiej Manggha},
  address =	 {Kraków},
  year =	 {{}},
  edition =	 {{I}},
}










@Comment #############################################################
@Comment CINEMA OF WEST EUROASIA
@Comment #############################################################


@book{ RedKletowskiEuropejskieKinoGatunkow2016,
  author =	 {Red. Piotr Kletowski},
  title =	 {Europejskie Kino Gatunków},
  publisher =	 {Wydawnictwo Uniwersytetu Jagiellońskiego},
  address =	 {Kraków},
  year =	 2016,
  edition =	 {{I}},
}



@book{ SzczepanskiZwierciadloBergmana2007,
  author =	 {Tadeusz Szczepański},
  title =	 {Zwierciadło Bergmana},
  publisher =	 {słowo/obraz terytoria},
  address =	 {Gdańsk},
  year =	 2007,
  edition =	 {III, poprawione i~uzupełnione},
}










@Comment #############################################################
@Comment ANALYSIS OF GRZEGORZ KRÓLIKIEWICZ AND HIS STUDENDS
@Comment #############################################################


@book{ KrolikiewiczGoraStoi1995,
  author =	 {Grzegorz Królikiewicz},
  title =	 {Góra stoi! Próba analizy filmu Akiry Kurosawy
		  „Sobowtór”},
  publisher =	 {Studio Filmowe~N},
  address =	 {Łódź},
  year =	 1995,
  edition =	 {{I}},
}










@Comment #############################################################
@Comment #############################################################
@Comment LITERATURE
@Comment #############################################################
@Comment #############################################################


@book{ BurzynskaMarkowskiTeorieLiteraturyPodrecznik2009,
  author =	 {Burzyńska, Anna and Markowski, Michał Paweł},
  title =	 {Teorie literatury XX~wieku. Podręcznik},
  publisher =	 {Wydawnictwo Znak},
  address =	 {Kraków},
  year =	 2009,
  edition =	 {I, dodruk},
}



@book{ ChrzanowskiInterpretacjeWierszy2003,
  author =	 {Maciej Chrzanowski},
  title =	 {Interpretacje wierszy dla~klas licealnych},
  publisher =	 {Wydawnictwo SKRYPT},
  address =	 {Warszawa},
  year =	 2003,
  edition =	 {{}},
}



@book{ ChrzastowskaWysoluchPoetykaStosowana,
  author =	 {B. Chrząstowska, S. Wysołuch},
  title =	 {Poetyka stosowana},
  publisher =	 {Wydawnictwo Szkolne i~Pedagogiczne Spółka Akcyjna},
  address =	 {Warszawa},
  year =	 {2000?},
  edition =	 {{I}},
}



@book{ KubyHarryPotter2006,
  author =	 {Gabiele Kuby},
  title =	 {Harry Potter --~dobry czy~zły?},
  publisher =	 {POLWEN --~Polskie Wydawnictwo Encyklopedyczne},
  address =	 {Radom},
  year =	 2006,
  edition =	 {{I}},
}










@Comment #############################################################
@Comment ANALYSIS OF LITERATURE
@Comment #############################################################


@book{ BizanHertzGlosyDoBalladyny1970,
  author =	 {Marian Bizan and Paweł Hertz},
  title =	 {Glosy do „Balladyny”},
  publisher =	 {Państwowy Instytut Wydawniczy},
  address =	 {Warszawa},
  year =	 1970,
}



@book{ BizanHertzGlosyDoKordiana1972,
  author =	 {Marian Bizan and Paweł Hertz},
  title =	 {Glosy do „Kordiana”},
  publisher =	 {Państwowy Instytut Wydawniczy},
  address =	 {Warszawa},
  year =	 1972,
  edition =	 {{II}},
}



@book{ ChrzastowskaWysoluchWiadomosciZTeoriiLiteratury1974,
  author =	 {B. Chrząstowska, S. Wysołuch},
  title =	 {Wiadomości z teorii literatury w analizie
                  literackiej},
  publisher =	 {Wydawnictwo Szkolne i Pedagogiczne},
  year =	 1974,
  edition =	 {I},
}



@book{ DopartPoematProfetyczny2002,
  author =	 {Bogusław Dopart},
  title =	 {Poemat profetyczny. O~„Dziadach” drezdeńskich
		  Adama Mickiewicza},
  publisher =	 {Księgarnia Akademicka},
  address =	 {Kraków},
  year =	 2002,
  edition =	 {{I}},
}



@book{ GlowinskiEtAlZarysTeoriiLiteratury1991,
  author =	 {M. Głowiński, A. Okopień-Sławińska, J. Sławiński},
  title =	 {Zarys teorii literatury},
  publisher =	 {Wydawnictwa Szkolne i Pedagogiczne},
  year =	 1991,
  edition =	 {VI -- poprawione},
}



@book{ GrajewskaZagladaIGwiazdy2017,
  author =	 {Agnieszka Grajewska},
  title =	 {Zagłada i~gwiazdy. Przeszłość w~prozie Stanisława
		  Lema},
  publisher =	 {Wydawnictwo Naukowe~UAM},
  address =	 {Poznań},
  year =	 2017,
  edition =	 {{I}},
}



@book{ StochGenderNaLekcjachPolskiego2015,
  author =	 {Magdalena Stoch},
  title =	 {Gender na~lekcjach polskiego},
  publisher =	 {Wydawnictwo Edukacyjne},
  address =	 {Kraków},
  year =	 2015,
  edition =	 {{I}},
}










@Comment #############################################################
@Comment ESSAYS AND PUBLICISTICS ON LITERATURE
@Comment #############################################################


@book{ ParnickiSzkiceLiterackie1979,
  author =	 {Teodor Parnicki},
  title =	 {Szkice literackie},
  publisher =	 {Instytut Wydawniczy PAX},
  address =	 {Warszawa},
  year =	 1975,
  edition =	 {{I}},
}



@book{ TolkienPotworyIKrytycy2010,
  author =	 {John Roland Reuel Tolkien},
  title =	 {Potwory i~krytycy oraz inne eseje},
  publisher =	 {vis-{\`{a}}-vis/Etiuda},
  address =	 {Kraków},
  year =	 2010,
  note =	 {Przełożył z~angielskiego Robert Stiller},
}










@Comment #############################################################
@Comment POLISH LITERATURE
@Comment #############################################################


@book{ ArcydzielaLiteraturyPolskiejTomII1988,
  author =	 {Red. S. Grzeszczuka and A. Niewolak-Krzywda},
  title =	 {Arcydzieła literatury polskiej},
  publisher =	 {Krajowa Agencja Wydawnicza},
  address =	 {Rzeszów},
  year =	 1988,
  volume =	 {{II}},
}



@book{ GlowinskiStyleOdbioru1977,
  author =	 {M. Głowiński},
  title =	 {Style odbioru},
  publisher =	 {Wydawnictwa Literackie},
  edition =	 {I},
  year =	 {1977},
}



@book{ KaniewskaEtAlLiteraturaPolskaXXWieku2005,
  author =	 {B. Kaniewska, A. Legeżyńska, P. Śliwiński},
  title =	 {Literatura polska XX wieku},
  publisher =	 {Wydawnictwo Poznańskie},
  address =	 {Poznań},
  year =	 2005,
}



@book{ SokolowskiKrolDuchSlowackiego2004,
  author =	 {Mikołaj Sokołowski},
  title =	 {„Król Duch” Juliusza Słowackiego a~epopeja
		  słowiańska},
  publisher =	 {Instytut Badań Literackich PAN},
  address =	 {Warszawa},
  year =	 2004,
  edition =	 {{I}},
}










@Comment #############################################################
@Comment ROMANTIC LITERATURE
@Comment #############################################################


@book{ KowalczykowaSlowacki1999,
  author =	 {A. Kowalczykowa},
  title =	 {Słowacki},
  publisher =	 {Wydawnictwo Naukowe PWN},
  edition =	 {II -- uzupełnione},
  year =	 1999,
}



@book{ SztrucFaustGoethego1995,
  author =	 {W. Sztruc},
  title =	 {Faust Goethego. Ku antropologii romantycznej},
  publisher =	 {Kraków},
  year =	 1995,
  edition =	 {I},
}



@book{ RedZmigrodzkaProblemyPolskiegoRomantyzmuSeriaDruga1974,
  author =	 {Red. M. Żmigrodzka},
  title =	 {Problemy polskiego romantyzmu. Seria druga},
  publisher =	 {Wydawnictwo Polskiej Akademii Nauk},
  year =	 1974,
}



@book{ RedZmigrodzkaProblemyPolskiegoRomantyzmuSeriuTrzecia1981,
  author =	 {Red. M. Żmigrodzka},
  title =	 {Problemy polskiego romantyzmu. Seria trzecia},
  publisher =	 {Wydawnictwo Polskiej Akademii Nauk},
  edition =	 {I},
  year =	 1981,
}










@Comment #############################################################
@Comment WRITERS
@Comment #############################################################


@book{ RogalskiTomaszMann1975,
  author =	 {Aleksander Rogalski},
  title =	 {Tomasz Mann. Dzieje rozwoju osobowości twórczej},
  publisher =	 {Instytut Wydawniczy PAX},
  address =	 {Warszawa},
  year =	 1975,
  edition =	 {{I}},
}



@book{ WinsnesSigridUndset1959,
  author =	 {A. H. Winsnes},
  title =	 {Sigrid Undset},
  publisher =	 {Instytut Wydawniczy PAX},
  edition =	 {I},
  year =	 1959,
}










@Comment #############################################################
@Comment #############################################################
@Comment PAINTINGS
@Comment #############################################################
@Comment #############################################################


@book{ StrzeminskiTeoriaWidzenia2016,
  author =	 {Władysław Strzemiński},
  title =	 {Teoria widzenia},
  publisher =	 {Muzeum Sztuki w~Łodzi},
  address =	 {Łódź},
  year =	 2016,
}










@Comment #############################################################
@Comment PAINTERS
@Comment #############################################################


@book{ DaliMysliIAnegdoty2003,
  author =	 {Salvador Dali},
  title =	 {Myśli i~anegdoty},
  publisher =	 {„Książnica” sp.~z~o.o.},
  address =	 {Katowice},
  year =	 2003,
  edition =	 {{I}},
  note =	 {Tłum. z~francuskiego Bożena Sęk},
}










@Comment #############################################################
@Comment #############################################################
@Comment MUSIC
@Comment #############################################################
@Comment #############################################################



@book{ WesolowskiZasadyMuzyki2017,
  author =	 {Franciszek Wesołowski},
  title =	 {Zasady muzyki},
  publisher =	 {Polskie Wydanictwo Muzyczne},
  address =	 {Kraków},
  year =	 2017,
  edition =	 {XVIII, rzut II (2018)},
  note =	 {PWN edition},
}










@Comment #############################################################
@Comment HISTORY OF MUSIC
@Comment #############################################################


@book{ BarberBachBeethovenIInneChlopaki2005,
  author =	 {David W. Barber},
  title =	 {Bach, Beethoven i~inne chłopaki, czyli historia
                  muzyki wyłożona wreszcie jak należy},
  publisher =	 {Wydawnictwo Adamant},
  address =	 {Warszawa},
  year =	 2005,
  edition =	 {IV},
  note =	 {Ilustracje: Dave Donald. Tłum. Barbara Świderska},
}



@book{ BarberZygzakiemPrzezMuzykę2007,
  author =	 {David W. Barber},
  title =	 {Zygzakiem przez muzykę, czyli następna historia
                  muzyki wyłożona wreszcie jak należy},
  publisher =	 {Wydawnictwo Adamant},
  address =	 {Warszawa},
  year =	 2007,
  edition =	 {I},
  note =	 {Ilustracje: Dave Donald. Tłum. Barbara Świderska},
}



@book{ BarberKiedyGrubaDamaSpiewa2005,
  author =	 {David W. Barber},
  title =	 {Kiedy gruba dama śpiewa, czyli historia opery
                  wyłożona wreszcie jak należy},
  publisher =	 {Wydawnictwo Adamant},
  address =	 {Warszawa},
  year =	 2005,
  edition =	 {II},
  note =	 {Ilustracje: Dave Donald. Tłum. Barbara Świderska},
}










@Comment #############################################################
@Comment BIOGRAPHICS OF MUSICANS
@Comment #############################################################


@book{ ChromcewiczTheBeatles1990,
  author =	 {Witold Chromcewicz},
  title =	 {The~Beatles},
  publisher =	 {Polskie Wydawnictwo Muzyczne},
  address =	 {Kraków},
  year =	 1990,
  edition =	 {{I}},
}










@Comment #############################################################
@Comment MUSIC AND HUMOR
@Comment #############################################################


@book{ NowosadAnegdotaWMuzyce2004,
  author =	 {Janusz Nowosad},
  title =	 {Anegdota, ciekawostka i~dowcip w~muzyce},
  publisher =	 {Wydawnictwo Muzyczne Polihymia},
  address =	 {Lublin},
  year =	 2004,
  note =	 {Rysunki Tomasz Wilczkiewicz},
}










@Comment #############################################################
@Comment #############################################################
@Comment CULTURE OF EASTERN EUROASIA
@Comment #############################################################
@Comment #############################################################


@Comment #############################################################
@Comment JAPANES CULTURE
@Comment #############################################################


@book{ CovelloYoshimuraJaponskaSztukaPieknaKamieniu2018,
  author =	 {Covello, Vincent T. and Yoshimura, Yuji},
  title =	 {Japońska sztuka odnajdywania piękna w~kamieniu.
                  Sztuka \emph{suiseki} i~jej zastosowanie w~sztuce
                  \emph{bonsai}},
  publisher =	 {UNIVERSITAS},
  address =	 {Kraków},
  year =	 2018,
  edition =	 {{II}},
}



@book{ RedGotowskaWosinskaCoolJapan2017,
  author =	 {Red. Małgorzata Gotowska and Adrianna Wosińska},
  title =	 {Cool Japan. Autoprezentacja Japonii w~popkulturze},
  publisher =	 {Kirin},
  address =	 {Bydgoszcz},
  year =	 2017,
  edition =	 {{I}},
}



@book{ MelanowiczJaponskiDramatTelewizyjny2009,
  author =	 {Mikołaj Melanowicz},
  title =	 {Japoński dramat telewizyjny},
  publisher =	 {Wydawnictwo Akademickie DIALOG},
  edition =	 {I},
  year =	 2009,
}










@Comment #############################################################
@Comment #############################################################
@Comment BIG MESS
@Comment #############################################################
@Comment #############################################################



@book{ HahnWDomuNajlepiej2009,
  author =	 {Hahn, Scott and Hahn, Kimberly},
  title =	 {W~domu najlepiej. Nasza droga do Kościoła
                  katolickiego},
  publisher =	 {Wydawnictwo Księży Marianów~MIC},
  address =	 {Warszawa},
  year =	 2009,
  edition =	 {{II}},
  note =	 {Tłum. Mira Majda},
}

@book{ InterdyscyplinarneGenezaKapitalizmuTomI1989,
  author =	 {Redaktorzy naukowi tomu: Adam Czarnota, Kazimierz
                  Wajda, Andrzej Zybertowicz},
  title =	 {Interdyscyplinarne studia nad genezą kapitalizmu.
                  Tom~I. Interpretacje: prezentacje i~krytyka},
  publisher =	 {Uniwersytet Mikołaja Kopernika w~Trouniu},
  address =	 {Toruń},
  year =	 1989,
  edition =	 {{I}},
  series =	 {Acta Universitatis Nicolai Copernici},
}










@Comment ##############################################################
@Comment ##############################################################
@Comment GAMES
@Comment ##############################################################
@Comment ##############################################################


@Comment ##############################################################
@Comment VIDEO GAMES
@Comment ##############################################################


@book{ DoveyKennedyKulturaGierKomputerowych2011,
  author =	 {Dovey, Jon and Kennedy, Helen W.},
  title =	 {Kultura gier komputerowych},
  publisher =	 {Wydawnictwo Uniwersytetu Jagiellońskiego},
  address =	 {Kraków},
  year =	 2011,
  edition =	 {{I}},
}


@book{ KubinskiGryWideo2016,
  author =	 {Piotr Kubiński},
  title =	 {Gry wideo. Zarys poetyki},
  publisher =	 {Wydawnictwo UNIVERSITAS},
  address =	 {Kraków},
  year =	 2016,
  edition =	 {{I}},
}












@Comment #############################################################
@Comment #############################################################
@Comment POLITICS AND CULTURE
@Comment #############################################################
@Comment #############################################################



@Comment #############################################################
@Comment POLITICS AND CULTURE OF JEWS AFTER 1933
@Comment #############################################################



@book{ ZertalNarodISmierc2010,
  author =	 {Idith Zetal},
  title =	 {Naród i~śmierć. Zagłada w~dyskursie i~polityce
		  Izraela},
  publisher =	 {Univeristas},
  address =	 {Kraków},
  year =	 2010,
  edition =	 {{I}},
  note =	 {Tłum. Jan Maria Kłoczowski},
  series =	 {Poleca Adam Michnik},
}
