@Comment #############################################################
@Comment #############################################################
FILOZOFIA I ANALIZY KULTURY
@Comment #############################################################
@Comment #############################################################


@Comment ###############################
KULTURA POLSKA
@Comment ###############################

@book{ WegnerBiesySarmackie,
  author =	 {Jacek Wegner},
  title =	 {Biesy sarmackie},
  publisher =	 {Wydawnictwo von borowiecky},
  address =	 {Warszawa},
  year =	 2003,
  edition =	 {{I}},
}





@Comment ###############################
DZIEŁA PODEJRZANEJ JAKOŚCI
@Comment ###############################


@book{ KubyHarryPotter2006,
  author =	 {Gabiele Kuby},
  title =	 {Harry Potter --~dobry czy~zły?},
  publisher =	 {POLWEN --~Polskie Wydawnictwo Encyklopedyczne},
  address =	 {Radom},
  year =	 2006,
  edition =	 {{I}},
}





@Comment #############################################################
KINO
@Comment #############################################################


@book{ GwozdzEuropejskieManifestyKina2002,
  author =	 {Wyb.~Andrzej Gwóźdź},
  title =	 {Europejskie manifesty kina. Od~Matuszewskiego
                  do~Dogmy. Antologia},
  publisher =	 {Wiedza Powszechna},
  series =	 {Klasyka Światowej Humanistyki},
  address =	 {Warszawa},
  year =	 2002,
  edition =	 {{I}},
}

@book{ KornackiPopiolIDiament2011,
  author =	 {Krzysztof Kornacki},
  title =	 {Popiół i~diament Andrzeja Wajdy},
  publisher =	 {słowo/obraz terytoria},
  address =	 {Gdański},
  year =	 2011,
  edition =	 {{I}},
}

@book{ LoskaHitchcockAutorWsrodGatunkow2002,
  author =	 {Krzysztof Loska},
  title =	 {Hitchcock --~autor wśród gatunków},
  publisher =	 {Rabid},
  address =	 {Kraków},
  year =	 2002,
  edition =	 {{I}},
}





@Comment ###############################
KINO WSCHODNIEJ EURAZJI
@Comment ###############################


@book{ KletowskiKinoDalekiegoWschodu2009,
  author =	 {Piotr Kletowski},
  title =	 {Kino Dalekiego Wschodu},
  publisher =	 {Wydawnictwo Krytyki Politycznej},
  address =	 {Warszawa},
  year =	 2009,
  edition =	 {{I}},
}

@book{ KletowskiSfilomowacDusze,
  author =	 {Piotr Kletowski},
  title =	 {Sfilmować duszę. Mała historia kina japońskiego},
  publisher =	 {Centrum Sztuki i~Techniki Japońskiej Manggha},
  address =	 {Kraków},
  year =	 {{}},
  edition =	 {{I}},
}





@Comment ###############################
KINO ZACHODNIEJ EURAZJI
@Comment ###############################


@book{ RedKletowskiEuropejskieKinoGatunkow2016,
  author =	 {Red. Piotr Kletowski},
  title =	 {Europejskie Kino Gatunków},
  publisher =	 {Wydawnictwo Uniwersytetu Jagiellońskiego},
  address =	 {Kraków},
  year =	 2016,
  edition =	 {{I}},
}

@book{ SzczepanskiZwierciadloBergmana2007,
  author =	 {Tadeusz Szczepański},
  title =	 {Zwierciadło Bergmana},
  publisher =	 {słowo/obraz terytoria},
  address =	 {Gdańsk},
  year =	 2007,
  edition =	 {III, poprawione i~uzupełnione},
}





@Comment ###############################
ANALIZY GRZEGORZA KRÓLIKIEWICZA
@Comment ###############################


@book{ KrolikiewiczGoraStoi1995,
  author =	 {Grzegorz Królikiewicz},
  title =	 {Góra stoi! Próba analizy filmu Akiry Kurosawy
		  ,,Sobowtór''},
  publisher =	 {Studio Filmowe~N},
  address =	 {Łódź},
  year =	 1995,
  edition =	 {{I}},
}





@Comment #############################################################
@Comment #############################################################
MALARSTWO
@Comment #############################################################
@Comment #############################################################


@book{ StrzeminskiTeoriaWidzenia2016,
  author =	 {Władysław Strzemiński},
  title =	 {Teoria widzenia},
  publisher =	 {Muzeum Sztuki w~Łodzi},
  address =	 {Łódź},
  year =	 2016,
}





@Comment #############################################################
@Comment #############################################################
MUZYKA
@Comment #############################################################
@Comment #############################################################


@book{ WesolowskiZasadyMuzyki2017,
  author =	 {Franciszek Wesołowski},
  title =	 {Zasady muzyki},
  publisher =	 {Polskie Wydanictwo Muzyczne},
  address =	 {Kraków},
  year =	 2017,
  edition =	 {XVIII, rzut II (2018)},
  note =	 {PWN edition},
}


@Comment ###############################
BIOGRAFIE I OPOWIEŚCI O MUZYKACH
@Comment ###############################


@book{ ChromcewiczTheBeatles1990,
  author =	 {Witold Chromcewicz},
  title =	 {The~Beatles},
  publisher =	 {Polskie Wydawnictwo Muzyczne},
  address =	 {Kraków},
  year =	 1990,
  edition =	 {{I}},
}








@Comment #############################################################
@Comment #############################################################
TO TRZEBA UPORZĄDKOWAĆ
@Comment #############################################################
@Comment #############################################################


@book{ AdamskiWojnaSwiatowWPopkulturze2011,
  author =	 {Łukasz Adamski},
  title =	 {Wojna światów w~popkulturze},
  publisher =	 {Wydawnictwo Wektory},
  address =	 {Bielany Wrocławskie},
  year =	 2011,
  edition =	 {{I}},
}

@book{ AltermattKatolicyzmANowoczesnySwiat1995,
  author =	 {U. Altermatt},
  title =	 {Katolicyzm a~Nowoczesny Świat},
  publisher =	 {Wydawnictwo Znak},
  address =	 {Kraków},
  year =	 1995,
  edition =	 {{I}},
}

@book{ BrunettoLatiniSkarbiecWiedzy1992,
  author =	 {Brunetto Latini},
  title =	 {Skarbiec wiedzy},
  publisher =	 {Państwowy Instytut Wydawniczy},
  address =	 {Warszawa},
  year =	 1992,
  edition =	 {{}},
}

@book{ BurzynskaMarkowskiTeorieLiteraturyPodrecznik2009,
  author =	 {Burzyńska, Anna and Markowski, Michał Paweł},
  title =	 {Teorie literatury XX~wieku. Podręcznik},
  publisher =	 {Wydawnictwo Znak},
  address =	 {Kraków},
  year =	 2009,
  edition =	 {I, dodruk},
}

@book{ ChrzanowskiInterpretacjeWierszy2003,
  author =	 {Maciej Chrzanowski},
  title =	 {Interpretacje wierszy dla~klas licealnych},
  publisher =	 {Wydawnictwo SKRYPT},
  address =	 {Warszawa},
  year =	 2003,
  edition =	 {{}},
}

@book{ ChrzastowskaWysoluch,
  author =	 {B. Chrząstowska and S. Wysołuch},
  title =	 {Poetyka stosowana},
  publisher =	 {Wydawnictwo Szkolne i~Pedagogiczne Spółka Akcyjna},
  address =	 {Warszawa},
  year =	 {2000?},
  edition =	 {{I}},
}

@book{ CovelloYoshimuraJaponskaSztukaPieknaKamieniu2018,
  author =	 {Covello, Vincent T. and Yoshimura, Yuji},
  title =	 {Japońska sztuka odnajdywania piękna w~kamieniu.
                  Sztuka \emph{suiseki} i~jej zastosowanie w~sztuce
                  \emph{bonsai}},
  publisher =	 {UNIVERSITAS},
  address =	 {Kraków},
  year =	 2018,
  edition =	 {{II}},
}

@book{ DmochowskiKosciolWyborczej2014,
  author =	 {Artur Dmochowski},
  title =	 {Kościół ,,Wyborczej''. Największa operacja
                  resortowych dzieci},
  publisher =	 {Wydawnictwo Słowa i~Myśli},
  address =	 {Warszawa},
  year =	 2014,
  edition =	 {{I}},
}

@book{ DaliMysliIAnegdoty2003,
  author =	 {Salvador Dali},
  title =	 {Myśli i~anegdoty},
  publisher =	 {,,Książnica'' sp.~z~o.o.},
  address =	 {Katowice},
  year =	 2003,
  edition =	 {{I}},
  note =	 {Tłum. z~francuskiego Bożena Sęk},
}

@book{ DoveyKennedyKulturaGierKomputerowych2011,
  author =	 {Dovey, Jon and Kennedy, Helen W.},
  title =	 {Kultura gier komputerowych},
  publisher =	 {Wydawnictwo Uniwersytetu Jagiellońskiego},
  address =	 {Kraków},
  year =	 2011,
  edition =	 {{I}},
}

@book{ FurediGdzieSiePodzialiIntelektualisci2008,
  author =	 {Frank Furedi},
  title =	 {Gdzie~się podziali wszyscy intelektualiści?},
  publisher =	 {Państwowy Instytut Wydawniczy},
  address =	 {Warszawa},
  year =	 2008,
  edition =	 {{I}},
  note =	 {Tłum. Katarzyna Makaruk},
}

@book{ GotowskiejWosinskiejCoolJapan2017,
  author =	 {Red. Małgorzata Gotowska and Adrianna Wosińska},
  title =	 {Cool Japan. Autoprezentacja Japonii w~popkulturze},
  publisher =	 {Kirin},
  address =	 {Bydgoszcz},
  year =	 2017,
  edition =	 {{I}},
}

@book{ HahnWDomuNajlepiej2009,
  author =	 {Hahn, Scott and Hahn, Kimberly},
  title =	 {W~domu najlepiej. Nasza droga do Kościoła
                  katolickiego},
  publisher =	 {Wydawnictwo Księży Marianów~MIC},
  address =	 {Warszawa},
  year =	 2009,
  edition =	 {{II}},
  note =	 {Tłum. Mira Majda},
}

@book{ InterdyscyplinarneGenezaKapitalizmuTomI1989,
  author =	 {Redaktorzy naukowi tomu: Adam Czarnota, Kazimierz
                  Wajda, Andrzej Zybertowicz},
  title =	 {Interdyscyplinarne studia nad genezą kapitalizmu.
                  Tom~I. Interpretacje: prezentacje i~krytyka},
  publisher =	 {Uniwersytet Mikołaja Kopernika w~Trouniu},
  address =	 {Toruń},
  year =	 1989,
  edition =	 {{I}},
  series =	 {Acta Universitatis Nicolai Copernici},
}

@book{ IwickaZrodlaKlasycznejDemonologiJaponskiej2017,
  author =	 {Renata Iwicka},
  title =	 {Źródła klasycznej demonologii japońskiej},
  publisher =	 {Wydawnictwo Uniwersytetu Jagiellońskiego},
  address =	 {Kraków},
  year =	 2017,
  edition =	 {{I}},
}

@book{ JamesonPostmodernizm2011,
  author =	 {Frederic Jameson},
  title =	 {Postmodernism, czyli~logika kulturowa późnego
                  kapitalizmu},
  publisher =	 {Wydawnictwo Uniwersytetu Jagiellońskiego},
  address =	 {Kraków},
  year =	 2017,
  edition =	 {{I}},
  series =	 {Eidos},
  note =	 {Tłum. Maciej Płaz},
}

@book{ KimKoreanczycyChinczycyJaponczycy2010,
  author =	 {Munhak Kim},
  title =	 {Koreanczycy, Chińczycy, Japończycy},
  publisher =	 {Kwiaty Orientu},
  address =	 {Skrżysko-Kamienna},
  year =	 2010,
  edition =	 {{I}},
  note =	 {Tłum. Maria Kalisz},
}

@book{ KrasnodebskiPostrmoderinstyczneRozterkiKultury1996,
  author =	 {Zdzisław Krasnodębski},
  title =	 {Postmodernistyczne rozterki kultury},
  publisher =	 {Oficyna Naukowa},
  address =	 {Warszawa},
  year =	 1996,
  edition =	 {{I}},
  series =	 {Terminus},
  volume =	 8,
}

@book{ KrasnodebskiDrzemkaRozsadnych2006,
  author =	 {Zdzisław Krasnodębski},
  title =	 {Drzemka rozsądnych. Zebrane eseje i~szkice},
  publisher =	 {Ośrodek Myśli Politycznej. Wyższa Szkoła Europejska
                  im.~ks.~Józefa Tischnera},
  address =	 {Kraków},
  year =	 2006,
  edition =	 {{I}},
  series =	 {Biblioteka Myśli Politycznej},
  volume =	 47,
}

@book{ KrasnodebskiWiekszegoCuduNieBedzie2011,
  author =	 {Zdzisław Krasnodębski},
  title =	 {Większego cudu nie będzie. Zebrane eseje
                  i~szkice~IV},
  publisher =	 {Ośrodek Myśli Politycznej},
  address =	 {Kraków},
  year =	 2011,
  edition =	 {{I}},
}

@book{ KrasnodebskiZwyciezcaPoPrzejsciach2012,
  author =	 {Zdzisław Krasnodębski},
  title =	 {Zwycięzca po przejściach: zebrane eseje i~szkice~V},
  publisher =	 {Ośrodek Myśli Politycznej},
  address =	 {Kraków},
  year =	 2012,
  edition =	 {{I}},
}

@book{ KurkaRosjiRozumemNie2015,
  author =	 {Ewa Kurek},
  title =	 {Rosji rozumem nie pojmiesz?},
  publisher =	 {Clio},
  address =	 {Lublin},
  year =	 2005,
  edition =	 {{I}},
}

@book{ LewisOdrzuconyObraz2008,
  author =	 {Clive Staples Lewis},
  title =	 {Odrzucony obraz. Wprowadzenie do~literatury
                  średniowiecznej i~renesansowej},
  publisher =	 {Wydawnictwo ZNAK},
  address =	 {Kraków},
  year =	 2008,
  edition =	 {{II}},
  note =	 {Tłum. Witold Ostrowski},
}

@book{ MiloszZiemiaUrlo1982,
  author =	 {Czesław Miłosz},
  title =	 {Ziemia Ulro},
  publisher =	 {Państwowy Instytut Wydawniczy},
  address =	 {Warszawa},
  year =	 1982,
  edition =	 {{I}},
}

@book{ OramusDarwinoskieParadygmaty2015,
  author =	 {Dominika Oramus},
  title =	 {Darwinowskie paradygmaty. Mit teorii ewolucji
                  w~kulturze współczesnej},
  publisher =	 {Copernicus Ceter Press},
  address =	 {Kraków},
  year =	 2015,
  edition =	 {{I}},
}

@book{ RothCichyPucz2015,
  author =	 {J{\"{u}}rgen Roth},
  title =	 {Cichy pucz. Zawłaszczanie Europy przez~niejawne
                  elity gospodarczo-politycznej},
  publisher =	 {Zysk i~S-ka},
  address =	 {Poznań},
  year =	 2015,
  edition =	 {{I}},
}

@book{ ScrutonPrzewodnikKulturzeNowoczesnej2006,
  author =	 {Roger Scruton},
  title =	 {Przewodnik po~kulturze nowoczesnej
		  dla~inteligentnych},
  publisher =	 {Wydawnictwo Thesaurus},
  address =	 {Łódź-Wrocław},
  year =	 2006,
  edition =	 {{?}},
  note =	 {Tłum. Jerzy Prokopiuk, Jan Przybył},
}

@book{ SokalBricmontModneBzdury2004,
  author =	 {Alan Sokal and Jean Bricmont},
  title =	 {Modne bzdury. O~nadużywaniu pojęć z~zakresu nauk
                  ścisłych przez postmodernistycznych
                  intelektualistów},
  publisher =	 {Prószyński i~S-ka},
  address =	 {Warszawa},
  year =	 2004,
  edition =	 {{II?}},
}

@book{ StochGenderNaLekcjachPolskiego2015,
  author =	 {Magdalena Stoch},
  title =	 {Gender na~lekcjach polskiego},
  publisher =	 {Wydawnictwo Edukacyjne},
  address =	 {Kraków},
  year =	 2015,
  edition =	 {{I}},
}

@book{ SzczeklikKatharsis2009,
  author =	 {Andrzej Szczeklik},
  title =	 {Katharsis. O~uzdrowicielskiej mocy natury i~sztuki},
  publisher =	 {Wydawnictwo Znak},
  address =	 {Kraków},
  year =	 2009,
  edition =	 {{II, dodruk}},
}

@book{ Edensor2004,
  author =	 {Tim Edensor},
  title =	 {Tożsamość narodowa, kultura popularna i~życie
                  codzienne},
  publisher =	 {Wydawnictwo Uniwersytetu Jagiellońskiego},
  address =	 {Kraków},
  year =	 2004,
  edition =	 {{I}},
  series =	 {Cultura},
}

@book{ EricsonOligarchowie2014,
  author =	 {Claes Ericson},
  title =	 {Oligarchowie. Pieniądze i~władza w~kapitalistycznej
                  Rosji},
  publisher =	 {Warszawskie Wydawnictwo Literackie MUZA~SA},
  address =	 {Warszawa},
  year =	 2014,
  edition =	 {{I}},
  note =	 {Tłum. Hanna Jankowska}
}

@book{ GolicynNoweKlamstwa,
  author =	 {A. Golicyn},
  title =	 {Nowe kłamstwa w~miejsce starych},
  publisher =	 {Wydawnictwa Antyk --~Marcin Dybowski},
  address =	 {Komorów},
  year =	 {{}},
  edition =	 {{II}},
  series =	 {Psychosocjotechnika, manipulacja},
}

@book{ HohlerMatkaChrzestna2013,
  author =	 {G. H{\"{o}}hler},
  title =	 {Matka chrzestna. Jak Angela Merkel przebudowuje
                  Niemcy},
  publisher =	 {Zysk i~S-ka},
  address =	 {Poznań},
  year =	 {2013?},
  edition =	 {{I}},
}

@book{ McGrathBogDawkinsa2008,
  author =	 {Alister McGrath},
  title =	 {Bóg Dawkinsa. Geny, memy i~sens życia},
  publisher =	 {Wydawnictwo Uniwersytetu Jagiellońskiego},
  address =	 {Kraków},
  year =	 2008,
  edition =	 {{I}},
  series =	 {Edios},
  note =	 {Tłum. Joanna Gilewicz},
}

@book{ EMichaelJonesLibidoDominandi2013,
  author =	 {Eugen Michael Jones},
  title =	 {Libido dominandi. Seks jako narzędzie kontroli
		  społecznej},
  publisher =	 {Wektory},
  address =	 {Wrocław},
  year =	 2013,
  edition =	 {{I}},
  note =	 {Tłum. Jerzy Morka}
}

@book{ EMichaelJonesZdeprawowaniModernisci2014,
  author =	 {Eugen Michael Jones},
  title =	 {Zdeprawowani moderniści. Nowoczesność jako
                  usprawiedliwienie seksualnej amoralności},
  publisher =	 {Wektory},
  address =	 {Wrocław},
  year =	 2014,
  edition =	 {{I}},
  note =	 {Tłum. Jerzy Morka},
}

@book{ EMichaelJonesJalowyPieniadzTomI2015,
  author =	 {Eugen Michael Jones},
  title =	 {Jałowy pieniądz. Historia kapitalizmu jako konfliktu
                  między pracą a~lichwą. Tom~I: Od~Medyceuszy
                  do~Newtona},
  publisher =	 {Wektory},
  address =	 {Wrocław},
  year =	 2015,
  edition =	 {{I}},
}

@book{ KsNeuhausProrokZNowegoYorku2010,
  author =	 {Ks. Richard John Neuhaus},
  title =	 {Prorok z~Nowego Yorku. Wybór publicystyki
		  i~wywiadów},
  publisher =	 {FRONDA~PL Sp.~z~o.o.},
  address =	 {Warszawa},
  year =	 2010,
  edition =	 {{I}},
}

@book{ RogalskiTomaszMann1975,
  author =	 {Aleksander Rogalski},
  title =	 {Tomasz Mann. Dzieje rozwoju osobowości twórczej},
  publisher =	 {Instytut Wydawniczy PAX},
  address =	 {Warszawa},
  year =	 1975,
  edition =	 {{I}},
}

@Comment @book{ ThornHillaryIBillClintonowieTomI16,
@Comment   author =	 "Victor Thorn",
@Comment   title =	 {{Tomasz Mann. Dzieje rozwoju osobowości twórczej}},
@Comment   publisher =	 {{Instytut Wydawniczy PAX}},
@Comment   address =	 "Warszawa",
@Comment   edition =	 {{I}},
@Comment   year =	 1975,
@Comment }





@Comment ##############################################################
@Comment ##############################################################
GRY
@Comment ##############################################################
@Comment ##############################################################


@Comment ###############################
GRY WIDEO
@Comment ###############################


@book{ KubinskiGryWideo2016,
  author =	 {Piotr Kubiński},
  title =	 {Gry wideo. Zarys poetyki},
  publisher =	 {Wydawnictwo UNIVERSITAS},
  address =	 {Kraków},
  year =	 2016,
  edition =	 {{I}},
}







@Comment #############################################################
@Comment #############################################################
POLSKA KULTURA
@Comment #############################################################
@Comment #############################################################


@book{ ArcydzielaLiteraturyPolskiejTomII88,
  author =	 "Red. S. Grzeszczuka and A. Niewolak\dywiz Krzywda",
  title =	 {{Arcydzieła Literatury Polskiej}},
  address =	 "Rzeszów",
  publisher =	 "Krajowa Agencja Wydawnicza",
  year =	 1988,
  volume =	 {{II}},
}

@book{ BizanHertzGlosyDoBalladyny70,
  author =	 "Marian Bizan and Paweł Hertz",
  title =	 {{Glosy do ,,Balladyny''}},
  address =	 {{Warszawa}},
  publisher =	 {{Państwowy Instytut Wydawniczy}},
  year =	 1970,
}






@Comment ##############################################################
@Comment ##############################################################
KULTURA GRIER VIDEO
@Comment ##############################################################
@Comment ##############################################################








@Comment #############################################################
@Comment #############################################################
KINO
@Comment #############################################################
@Comment #############################################################


@book{ DeleuzeKino08,
  author =	 "Gilles Deleuze",
  title =	 {{Kino. 1. Obraz\dywiz{}ruch. 2. Obraz\dywiz{}czas}},
  publisher =	 {{słowo/obraz terytoria}},
  address =	 {{Gdańsk}},
  year =	 2008,
  edition =	 {{I}},
  series =	 {{Klasyka Światowej Humanistyki}},
}

@book{ GwozdzEuropejskieManifestyKina02,
  author =	 "Wyb.~Andrzej Gwóźdź",
  title =	 {{Europejskie manifesty kina. Od~Matuszewskiego
		  do~Dogmy. Antologia}},
  publisher =	 {{Wiedza Powszechna}},
  series =	 "Klasyka Światowej Humanistyki",
  address =	 "Warszawa",
  edition =	 {{I}},
  year =	 2002,
}


@book{ RedKletowskiEuropejskieKinoGatunkow16,
  author =	 "Red. Piotr Kletowski",
  title =	 {{Europejskie Kino Gatunków}},
  publisher =	 {{Wydawnictwo Uniwersytetu Jagiellońskiego}},
  address =	 {{Kraków}},
  year =	 2016,
  edition =	 {{I}},
}

@book{ KornackiPopiolIDiament11,
  author =	 "Krzysztof Kornacki",
  title =	 {{Popiół i~diament Andrzeja Wajdy}},
  publisher =	 {{słowo/obraz terytoria}},
  address =	 "Gdański",
  edition =	 {{I}},
  year =	 2011,
}

@book{ KrolikiewiczGoraStoi95,
  author =	 "Grzegorz Królikiewicz",
  title =	 {{Góra stoi! Próba analizy filmu Akiry Kurosawy
		  ,,Sobowtór''}},
  publisher =	 {{Studio Filmowe~N}},
  address =	 "Łódź",
  year =	 1995,
  edition =	 {{I}},
}

@book{ LoskaHitchcockAutorWsrodGatunkow02,
  author =	 "Krzysztof Loska",
  title =	 {{Hitchcock --~autor wśród gatunków}},
  publisher =	 {{Rabid}},
  address =	 "Kraków",
  year =	 2002,
  edition =	 {{I}},
}
