@Comment #############################################################
@Comment #############################################################
@Comment #############################################################
@Comment HISTORY
@Comment #############################################################
@Comment #############################################################
@Comment #############################################################



@Comment #############################################################
@Comment #############################################################
@Comment HISTORICAL SYNTHESIS
@Comment #############################################################
@Comment #############################################################


@book{ EMichaelJonesJalowyPieniadzTomI2015,
  author =	 {Eugen Michael Jones},
  title =	 {Jałowy pieniądz. Historia kapitalizmu jako konfliktu
                  między pracą a~lichwą. Tom~I: Od~Medyceuszy
                  do~Newtona},
  publisher =	 {Wektory},
  address =	 {Wrocław},
  year =	 2015,
  edition =	 {{I}},
}








@Comment #############################################################
@Comment #############################################################
@Comment HISTORY OF POLAND
@Comment #############################################################
@Comment #############################################################



@Comment #############################################################
@Comment SYNTHESIS OF HISTORY OF POLAND
@Comment #############################################################


@book{ DaviesBozeIgrzysko2010,
  author =	 {Norman Davies},
  title =	 {Boże igrzysko. Historia Polski},
  publisher =	 {Wydawnictwo ZNAK},
  address =	 {Kraków},
  year =	 2010,
  edition =	 {VII --~poszerzone},
  note =	 {Przekład autoryzowany Elżbieta Tabakowska},
}


@book{ DaviesSerceEuropy2014,
  author =	 {Norman Davies},
  title =	 {Serce Europy},
  publisher =	 {Wydawnictwo ZNAK},
  address =	 {Kraków},
  year =	 2014,
  edition =	 {{I}},
}


@book{ DlugoszRocznikiTomI2009,
  author =	 {Jan Długosz},
  title =	 {Jana Długosza Roczniki czyli Kroniki Sławnego
		  Królestwa Polskiego. Ks.~1, Ks.~2, do~1038},
  publisher =	 {Wydawnictwo Naukowe PWN},
  address =	 {Warszawa},
  year =	 2009,
  edition =	 {{I}},
}


@book{ KaminskiKorkuc1050Years2016,
  author =	 {Łukasz Kamiński and Maciej Korkuć},
  title =	 {1050 Years. A~Guide to~the~History~of Poland
                  966-2016},
  publisher =	 {Instytut Pamięci Narodowej Komisja Ścigania Zbrodni
                  przeciwsko Narodowi Polskiemu},
  address =	 {Warszawa},
  year =	 2016,
  edition =	 {{I}},
}


@book{ NowakDziejePolskiTomI2014,
  author =	 {Andrzej Nowak},
  title =	 {Dzieje Polski. Tom~I: Skąd nasz ród},
  publisher =	 {Biały Kruk},
  address =	 {Kraków},
  year =	 2014,
  edition =	 {{I}},
}







@Comment #############################################################
HISTORIA POLSKI 1788-1920 R.
@Comment #############################################################


@book{ RymkiewiczWielkiKsiaze1983,
  author =	 {Jarosław Marek Rymkiewicz},
  title =	 {Wielki książę z~dodaniem rozważań o~istocie
		  i~przymiotach ducha polskiego},
  publisher =	 {Państwowy Instytut Wydawniczy},
  address =	 {Warszawa},
  year =	 1983,
  edition =	 {{I}},
}







@Comment #############################################################
HISTORIA POLSKI PO 1914 R.
@Comment #############################################################


@book{ RoszkowskiNajnowszaHistoriaPolski14-39Wyd2011,
  author =	 {Wojciech Roszkowski},
  title =	 {Najnowsza historia Polski: 1914--1939},
  publisher =	 {Świat Książki},
  address =	 {Warszawa},
  series =	 {Najnowsza Historia Polski},
  year =	 2011,
  edition =	 {{I}},
}


@book{ RoszkowskiNajnowszaHistoriaPolski39-45Wyd2011,
  author =	 {Wojciech Roszkowski},
  title =	 {Najnowsza historia Polski: 1939--1945},
  publisher =	 {Świat Książki},
  address =	 {Warszawa},
  series =	 {Najnowsza historia Polski},
  year =	 2011,
  edition =	 {{I}},
}


@book{ RoszkowskiNajnowszaHistoriaPolski80-89Wyd2011,
  author =	 {Wojciech Roszkowski},
  title =	 {Najnowsza historia Polski: 1980--1989},
  publisher =	 {Świat Książki},
  address =	 {Warszawa},
  series =	 {Najnowsza historia Polski},
  year =	 2011,
  edition =	 {{I}},
}

@book{ RoszkowskiNajnowszaHistoriaPolski89-11Wyd2011,
  author =	 {Wojciech Roszkowski},
  title =	 {Najnowsza historia Polski: 1989--2011},
  publisher =	 {Świat Książki},
  address =	 {Warszawa},
  series =	 {Najnowsza historia Polski},
  year =	 2011,
  edition =	 {{I}},
}


@book{ ZyzakEfektDominaTomI2016,
  author =	 {Paweł Zyzak},
  title =	 {Efekt domina. Czy~Ameryka obaliła komunizm
		  w~Polsce?},
  publisher =	 {Fronda PL, Sp.~z~o.o.},
  address =	 {Warszawa},
  year =	 2016,
  edition =	 {{I}},
  volume =	 {{I}},
}


@book{ ZyzakEfektDominaTomII2016,
  author =	 {Paweł Zyzak},
  title =	 {Efekt domina. Czy~Ameryka obaliła komunizm
		  w~Polsce?},
  publisher =	 {Fronda PL, Sp.~z~o.o.},
  address =	 {Warszawa},
  year =	 2016,
  edition =	 {{I}},
  volume =	 {{II}},
}










@Comment ###############################
HISTORIA POLSKI 1944-1989 R.
@Comment ###############################


@book{ RedDziurokMusialInstrukcjeWytycznePisma2017,
  author =	 {Redakcja i~opracowanie Adam Dziurok, Filip Musiał},
  title =	 {Instrukcje, wytyczne, pisma Departamentu
		  IV~Ministerstwa Spraw Wewnętrznych z~lat 1962--1989.
		  Wybór dokumentów},
  publisher =	 {Wydawnictwo Avalon},
  address =	 {Kraków--Katowice},
  year =	 2017,
  edition =	 {{I}},
}


@book{ RedFranaszekGraniceKompromisu2015,
  author =	 {Red.~Piotr Franaszek},
  title =	 {Granice kompromisu. Naukowcy wobec aparatu władzy
		  ludowej},
  publisher =	 {Instytut Pamięci Narodowej},
  address =	 {Warszawa},
  year =	 2015,
  edition =	 {{I}},
}


@book{ SikoraFuglewiczHighTech2017,
  author =	 {Redakcja naukowa Mirosła Sikora; współpraca Piotr
		  Fuglewicz},
  title =	 {High-tech za~żelazną kurtyną: elektronika, komputery
		  i~systemy sterowania w~PRL},
  publisher =	 {Instytut Pamięci Narodowej Komisja -- Komisja
		  Ścigania Zbrodni Przeciwko Narodowi Polskiemu},
  address =	 {Katowice--Warszawa},
  year =	 2017,
  edition =	 {{I}},
}





@Comment ###############################
HISTORIA POLSKI 1939-1989
@Comment ###############################










@Comment ###############################
HISTORIA POLSKI PO 1939 R.
@Comment ###############################


@book{ KakolewskiDiamentOdnalezionyWPopiele1998,
  author =	 {Krzysztof Kąkolewski},
  title =	 {Diament odnaleziony w~popiele},
  publisher =	 {Wydawnictwo von~Borowiecky},
  address =	 {Warszawa},
  year =	 1998,
  edition =	 {{II}},
}

@book{ WildsteinCienieMoichCzasow2015,
  author =	 {Bronisław Wildstein},
  title =	 {Cienie moich czasów},
  publisher =	 {Zysk i~S-ka},
  address =	 {Poznań},
  year =	 2015,
  edition =	 {{I}},
}







@Comment ###############################
HISTORIA POLSKI PO 1989 R.
@Comment ###############################


@book{ KurskiSemkaLewyCzerwcowy1992,
  author =	 {Kurski, Jacek and Semka, Piotr},
  title =	 {Lewy czerwcowy. Mówią: Kaczyński, Macierewicz,
		  Parys, Glapiński, Kostrzewa-Zorbas},
  publisher =	 {Editions Spotkania},
  address =	 {Warszawa},
  year =	 1992,
  edition =	 {{I}},
}


@book{ KofmanRoszkowskiTransformacjaIPostkomunizm1999,
  author =	 {Kofman, Jan and Roszkowski, Wojciech},
  title =	 {Transformacja i~postkomunizm},
  publisher =	 {Instytut Studiów Politycznych Polskiej Akademii
		  Nauki, Instytut Historii Uniwersytetu w~Białymstoku},
  address =	 {Warszawa},
  year =	 1999,
  edition =	 {{I}},
}







@Comment #############################################################
HISTORIA POLSKI -- BIOGRAFIE
@Comment #############################################################


@book{ GawronskiChmielnickiTomI2016,
  author =	 {Rawita Franciszek Gawroński},
  title =	 {Bohdan Chmielnicki. Tom~I: Do~elekcji Jana
		  Kazimierza},
  publisher =	 {Napoleon~V},
  address =	 {Oświęcim},
  year =	 2016,
  edition =	 {{I}},
}







@Comment ###############################
HISTORIA POLSKI -- Biografie osób żyjących w XX/XXI
@Comment ###############################


@Comment Chyba tu pasuje? Ale to nie biografia, ale zbiór artykułów.
@book{ RedHallArchitektWolnejPolski2017,
  author =	 {Redakcja Aleksander Hall},
  title =	 {Arichtekt wolnej Polski. Świat wartości i~idei
                  Tadeusza Mazowieckiego},
  publisher =	 {Wydawnictwo Znak},
  address =	 {Kraków},
  year =	 2017,
  edition =	 {{I}},
}







@Comment ###############################
HISTORIA POLSKI -- Zbiory artykułów
@Comment ###############################


@book{ CisekOskarHalecki2009,
  author =	 {Janusz Cisek},
  title =	 {Oskar Halecki. Historyk --~Szermierz Wolności},
  publisher =	 {Intytut Pamięci Narodowej},
  address =	 {Warszawa},
  year =	 2009,
  edition =	 {{I}},
}



@Comment #############################################################
ESEJE HISTORYCZNE O HISTORII POLSKI
@Comment #############################################################


@book{ RymkiewiczSamuelZborowski2010,
  author =	 {Jarosław Marek Rymkiewicz},
  title =	 {Samuel Zborowski},
  address =	 {Warszawa},
  publisher =	 {Wydawnictwo Sic!},
  year =	 2010,
  edition =	 {{I}},
}







@Comment #############################################################
@Comment #############################################################
HISTORIA CHIN
@Comment #############################################################
@Comment #############################################################



@Comment ###############################
HISTORIA CHIN PO 1911 R.
@Comment ###############################


@book{ PolitChiny1946Do1949Wyd2010,
  author =	 {Jakub Polit},
  title =	 {Chiny 1946--1949},
  publisher =	 {Bellona},
  address =	 {Warszawa},
  year =	 2010,
  edition =	 {{I}},
}







@Comment #############################################################
HISTORIA PANŚTWA RZYMU I JEGO IMPERIUM
@Comment #############################################################


@book{ SwetoniuszZywotyCezarowTomI,
  author =	 {Gajus Swetoniusz Trankwillus},
  title =	 {Żywoty Cezarów. Tom I},
  publisher =	 {Zakład Narodowy im.~Ossolińskich --~Wydawnictwo, De
                  Agostini Polska Sp.~z~o.o.},
  address =	 {Wrocław, Warszawa},
  year =	 2004,
  edition =	 {{I}},
  note =	 {Tłum. Janina Niemirska-Pliszczynśka},
}







@Comment #############################################################
HISTORIA WSCHODNIEJ EURAZJI
@Comment #############################################################


@book{ GordonNowozytnaHistoriaJaponii2010,
  author =	 {Andrew Gordon},
  title =	 {Nowożytna historia Japonii},
  publisher =	 {Państwowy Instytut Wydawniczy},
  address =	 {Warszawa},
  year =	 2010,
  edition =	 {{I}},
}


@book{ PolitSmutnyKontynent2002,
  author =	 {Jakub Polit},
  title =	 {Smutny kontynent. Z~dziejów Azji wschodniej
		  w~XX~wieku},
  publisher =	 {Wydawnictwo Arcana},
  address =	 {Kraków},
  year =	 2002,
  edition =	 {{I}},
  series =	 {Arkana Historii},
}


@book{ TotmanHistoriaJaponii2009,
  author =	 {Conrad Totman},
  title =	 {Historia Japonii},
  publisher =	 {Wydawnictwo Uniwersytetu Jagiellońskiego},
  address =	 {Kraków},
  year =	 2009,
  edition =	 {{I}},
  note =	 {Tłum. Justyn Hunia},
  series =	 {Ex Oriente},
}




@Comment ###############################
DZIEJE LAT 1789-1914
@Comment ###############################


@book{ McPhersonBattleCryOfFreedom2016,
  author =	 {James M.~McPherson},
  title =	 {Battle Cry Of~Freedom. Historia Wojny Secesyjnej},
  publisher =	 {Napolen~V},
  address =	 {Oświęcim},
  edition =	 {{I}},
  year =	 2016,
}


@book{ ZarembaUzbrojonaDemokracja2012,
  author =	 "Piotr Zaremba",
  title =	 {{Uzbrojona demokracja. Theodore Roosevelt i~jego
		  Ameryka}},
  publisher =	 {{Neriton}},
  address =	 {{Oświęcim}},
  edition =	 {{I}},
  year =	 2012,
  series =	 {{Dzieje polityczne Stanów Zjednoczonych od~roku
		  1900}},
  volume =	 {{I}},
}


@book{ JohnsonHistoriaSwiataXXWiekuTomI2009,
  author =	 "Paul Johnson",
  title =	 {{Historia świata XX wieku, od~rewolucji
		  Październikowej do~,,Solidarności''}},
  publisher =	 {{Fijorr Publishing}},
  address =	 {{Warszawa}},
  year =	 2009,
  edition =	 {{I}},
}


@book{ ScuttonWallStreetIRewolucjaBolszewicka2016,
  author =	 {Antony C.~Scutton},
  title =	 {Wall Street i~Rewolucja Bolszewicka},
  publisher =	 {Garda},
  address =	 {Warszawa},
  edition =	 {{II}},
  year =	 2016,
}


@book{ SuworowGRU1999,
  author =	 {Wiktor Suworow},
  title =	 {{GRU. Radziecki wywiad wojskowy}},
  publisher =	 {{Wydawnictwo Adamski i~Bieliński}},
  address =	 {{Warszawa}},
  year =	 1999,
  edition =	 {{I}},
}












@Comment ###############################
PIERWSZA WOJNA ŚWIATOWA
@Comment ###############################


@book{ GilbertPierwszaWojnaSwiatowa2003,
  author =	 "Martin Gilbert",
  title =	 {{Pierwsza wojna światowa}},
  publisher =	 {{Zysk i~S\dywiz ka}},
  address =	 {{Poznań}},
  year =	 2003,
  edition =	 {{I}},
}










@Comment ###############################
DZIEJE LAT 1914-1939
@Comment ###############################










@Comment ###############################
ŚWIAT PO 1945 R.
@Comment ###############################


@book{ JudtPowojnie2016,
  author =	 "Tony Judt",
  title =	 {{Powojnie. Historia Europy od~roku~1945}},
  publisher =	 {{Dom Wydawniczy Rebis}},
  address =	 {{Poznań}},
  year =	 2016,
  edition =	 {{I~(dodruk)}},
}





@Comment ###############################
ŚWIAT PO 1989 R.
@Comment ###############################


@book{ TherNowyLad2015,
  author =	 "Philipp Ther",
  title =	 {{Nowy ład na~starym kontynencie. Historia
		  neoliberalnej Europy}},
  publisher =	 {{Kurhaus Publishing}},
  address =	 {{Warszawa}},
  edition =	 {{I}},
  year =	 2015,
  series =	 "Biznes horyzonty",
}





@Comment ###############################
RÓŻNE DZIEŁA HISTORYCZNE
@Comment ###############################


@book{ AudisioChiaraTworcyZjednoczonejEuropy2007,
  author =	 "Giuseppe Audisio and Alberto Chiara",
  title =	 {{Twórcy Zjednoczonej Europy. Robert Schuman, Konrad
		  Adenauer, Alicide de~Gasperi}},
  publisher =	 {{Instytut Wydawniczy PAX}},
  address =	 {{Warszawa}},
  year =	 2007,
  edition =	 {{I}},
}






@Comment ###############################
BIOGRAFIE
@Comment ###############################


@book{ CenckiewiczAnnaSolidarnosc2010,
  author =	 "Sławomir Cenckiewicz",
  title =	 {{Anna Solidarność. Życie i~działalność Anny
		  Walentynowicz na~tle epoki (1929--2010)}},
  publisher =	 {{Zysk i S\dywiz ka}},
  address =	 {{Poznań}},
  year =	 2010,
  edition =	 {{I}},
}

@book{ GessenPutinCzlowiekBezTwarzy2012,
  author =	 "Masha Gessen",
  title =	 {{Putin. Człowiek bez twarzy}},
  publisher =	 {{Prószyński i~S\dywiz ka}},
  address =	 "Warszawa",
  year =	 2012,
  edition =	 {{I}},
}

@book{ NowakJanPawelIIKronikaZyciaIPontyfikatu2015,
  author =	 "Andrzej Nowak",
  title =	 {{Jan Paweł II. Kroniki życia i~pontyfikatu}},
  publisher =	 {{Wydawnictwo Olesiejuk}},
  address =	 "Kraków",
  year =	 2015,
  edition =	 {{I}},
}

@book{ NowakHistoriaIPolityka16,
  author =	 "Andrzej Nowak",
  title =	 {{Historia i~polityka}},
  publisher =	 {{Biały Kruk}},
  address =	 "Kraków",
  year =	 2016,
  edition =	 {{I}},
}

@book{ HistoriaPolskiXIXTomI13,
  author =	 "Red. Andrzej Nowak",
  title =	 {{Historie Polskie w~XIX wieku. Tom~I. Kominy, ludzie
		  i~obłoki: modernizacja i~kultura}},
  publisher =	 {{Wydawnictwo DiG}},
  address =	 {{Warszawa}},
  year =	 2013,
  edition =	 {{I}},
}

@book{ RoszkowskiNajnowszaHistoriaPolski14-39DatWyd11,
  author =	 "Wojciech Roszkowski",
  title =	 {{Najnowsza historia Polski: 1914--1939}},
  publisher =	 {{Świat Książki}},
  address =	 {{Warszawa}},
  series =	 {{Najnowsza Historia Polski}},
  year =	 2011,
  edition =	 {{I}},
}

@book{ RoszkowskiNajnowszaHistoriaPolski39-45Wyd11,
  author =	 "Wojciech Roszkowski",
  title =	 {{Najnowsza historia Polski: 1939--1945}},
  publisher =	 {{Świat Książki}},
  address =	 {{Warszawa}},
  series =	 {{Najnowsza historia Polski}},
  year =	 2011,
  edition =	 {{I}},
}

@book{ RoszkowskiNajnowszaHistoriaPolski80-89Wyd11,
  author =	 "Wojciech Roszkowski",
  title =	 {{Najnowsza historia Polski: 1980--1989}},
  publisher =	 {{Świat Książki}},
  address =	 {{Warszawa}},
  series =	 {{Najnowsza historia Polski}},
  year =	 2011,
  edition =	 {{I}},
}

@book{ RoszkowskiNajnowszaHistoriaPolski89-11Wyd2011,
  author =	 "Wojciech Roszkowski",
  title =	 {{Najnowsza historia Polski: 1989--2011}},
  publisher =	 {{Świat Książki}},
  address =	 {{Warszawa}},
  series =	 {{Najnowsza historia Polski}},
  year =	 2011,
  edition =	 {{I}},
}

@book{ SuworowZukowCienZwyciestwa2002,
  author =	 "Wiktor Suworow",
  title =	 {{Żukow --~cień zwycięstwa}},
  publisher =	 {{Wydawnictwo Adamski i~Bieliński}},
  year =	 2002,
  edition =	 {{I}},
}


@Comment ###############################
WSPOMNIENIA
@Comment ###############################


@book{ JianCzerwonyPyl2008,
  author =	 "Ma Jian",
  title =	 {{Czerwony pył. Droga przez Chiny}},
  publisher =	 {{Zysk i~S\dywiz ka}},
  address =	 {{Poznań}},
  year =	 2008,
  edition =	 {{I}},
  note =	 {{Tłum. Jerzy Łoziński na~podstawie przekładu
		  angielskiego Flory Drew}},
}


@Comment #############################################################
HISTORIA WSCHODNIEJ EURAZJI
@Comment #############################################################







@Comment #############################################################
@Comment #############################################################
HISTORIA GOSPODARKI, EKONOMI I PIENIĄDZA
@Comment #############################################################
@Comment #############################################################



@book{ FergusonNiebezpieczneZwiazki2015,
  author =	 {Niall Ferguson},
  title =	 {Niebezpieczne związaki. Pieniądze i~władza w~świecie
                  nowożytnym 1700--2000},
  publisher =	 {Wydawnictwo Literackie},
  address =	 {Kraków},
  year =	 2015,
  edition =	 {{I}},
  note =	 {{Tłum. Wojciech Tyszka}},
}







@Comment #############################################################
HISTORIA NAUKI
@Comment #############################################################


@book{ BourbakiElementyHistoriiMatematyki1980,
  author =	 "Nicolas Bourbaki",
  title =	 {{Elementy historii matematyki}},
  publisher =	 {{Państwowe Wydawnictwo Naukowe}},
  address =	 {{Warszawa}},
  year =	 1980,
  edition =	 {{I}},
  note =	 {{Tłum. Stanisław Dobrzycki}},
}

@book{ BoyerHistoriaRachunkuRozniczkowegoICalkowego1964,
  author =	 {Carl Benjamin Boyer},
  title =	 {Historia rachunku różniczkowego i~całkowego i~rozwój
                  jego pojęć},
  publisher =	 {Państwowe Wydawnictwo Naukowe},
  address =	 {Warszawa},
  year =	 1964,
  edition =	 {{I}},
}

@book{ KrysickiPoczetWielkichMatematykow1989,
  author =	 {Red. Włodzimierz Krysicki},
  title =	 {Poczet wielkich matematyków},
  publisher =	 {Nasza Księgarnia},
  address =	 {{}},
  year =	 1989,
  edition =	 {{}},
}





@Comment #############################################################
ESEJE, WYWIADY I PUBLICYSTYKA
@Comment #############################################################


@book{ NowakOdPolskiDoPostpolityki2010,
  author =	 {Andrzej Nowak},
  title =	 {Od~Polski do~post-polityki. Intelektualna
		  historia zapaści Rzeczpospolitej},
  publisher =	 {Wydawnictwo ARCANA},
  address =	 {Kraków},
  year =	 2010,
  edition =	 {{I}},
  series =	 {ARCANA HISTORII},
}


@book{ NowakStrachyILachy2012,
  author =	 {Andrzej Nowak},
  title =	 {Strachy i~lachy. Przemiany polskiej pamięci
                  1982--2012},
  publisher =	 {Biały Kruk},
  address =	 {Kraków},
  year =	 2012,
  edition =	 {{I}},
}


@book{ NowakUlegloscCzyNiepodleglosc14,
  author =	 {Andrzej Nowak},
  title =	 {Uległość czy niepodległość},
  publisher =	 {Biały Kruk},
  address =	 {Kraków},
  year =	 2014,
  edition =	 {{I}},
}


@book{ NowakIntelektualnaHistoriaIIIRP2013,
  author =	 "Andrzej Nowak",
  title =	 {{Intelektualna historia III RP. Rozmowy z~lat
		  1990--2012}},
  publisher =	 {{Sic!}},
  address =	 {{Warszawa}},
  year =	 2013,
  edition =	 {{I}},
}


@book{ SuworowAlfabet2014,
  author =	 "Wiktor Suworow",
  title =	 {{Alfabet Suworowa oraz ,,Od~Stalina do~Putina''
		  wywiad Piotra Zychowicza z~autorem}},
  publisher =	 {{Dom Wydawniczy REBIS Sp. z~o.o.}},
  address =	 {{Warszawa}},
  year =	 2014,
  edition =	 {{I}},
}







@book{ RRJPBA,
	author	  = {{R. Rhodes}},
	title	  = {{Jak powstała bomba atomowa}},
	publisher = {{Prószyński i S-ka}},
	%volume   = "",
	%number   = "",
	%series   = "",
	%address  = "",
	%edition   = "",
        year      = "2000",
        %month    = "",
        %note     = ""
     }






@book{ GKCPW,
	author	  = {{G. K. Chesterton}},
	title	  = "Pisma wybrane",
	publisher = "Znak",
	%volume   = "",
	%number   = "",
	%series   = "",
	%address  = "",
	%edition  = "",
        year      = "1974",
        %month    = "",
        %note     = ""
     }

@book{ BChSW,
	author	  = {{B. Chrząstowska, S. Wysołuch}},
	title	  = "Wiadomości z teorii literatury w analizie literackiej",
	publisher = "Wydawnictwo Szkolne i Pedagogiczne",
	%volume   = "",
	%number   = "",
	%series   = "",
	%address  = "",
	edition  = "I",
        year      = "1974",
        %month    = "",
        %note     = ""
     }

@book{ MGSO,
	author	  = {{M. Głowiński}},
	title	  = "Style odbioru",
	publisher = {{Wydawnictwa Literackie}},
	%volume   = "",
	%number   = "",
	%series   = "",
	%address  = "",
	edition   = "I",
        year      = "1977",
        %month    = "",
        %note     = ""
     }

@book{ MGAOSJSZTL,
	author	  = {{M. Głowiński, A. Okopień-Sławińska, J. Sławiński}},
	title	  = "Zarys teorii literatury",
	publisher = {{Wydawnictwa Szkolne i Pedagogiczne}},
	%volume   = "",
	%number   = "",
	%series   = "",
	%address  = "",
	edition   = "VI -- poprawione",
        year      = "1991",
        %month    = "",
        %note     = ""
     }

@book{ EMJGK,
	author	  = "Michael Jones",
	title	  = {{Gwiazda i Krzyż}},
	publisher = {{Wektory}},
	%volume   = "",
	%number   = "",
	%series   = "",
	%address  = "",
	edition   = "I",
        year      = "2007",
        %month    = "",
        %note     = ""
     }

@book{ EMJGK,
	author	  = "Michael Jones",
	title	  = {{Gwiazda i Krzyż}},
	publisher = {{Wektory}},
	%volume   = "",
	%number   = "",
	%series   = "",
	%address  = "",
	edition   = "I",
        year      = "2007",
        %month    = "",
        %note     = ""
     }

@book{ EMJZM,
	author	  = "E. Michael Jones",
	title	  = {{Zdeprawowani moderniści. Nowoczesność jako usprawiedliwienie seksualnej amoralności.}},
	publisher = {{Wektory}},
	%volume   = "",
	%number   = "",
	%series   = "",
	%address  = "",
	%edition   = "",
        year      = "2013",
        %month    = "",
        %note     = ""
     }

@book{ EMJLD,
	author	  = "E. Michael Jones",
	title	  = {{Libido dominandi. Seks jako narzędzie kontroli społecznej.}},
	publisher = {{Wektory}},
	%volume   = "",
	%number   = "",
	%series   = "",
	%address  = "",
	%edition   = "",
        year      = "2013",
        %month    = "",
        %note     = ""
     }

@book{ RKDM,
	author	  = "R. Kimball",
	title	  = {{Długi marsz. Jak rewolucja kulturalna z lat 60. zmieniła Amerykę.}},
	publisher = {{Sprawy Polityczne s.c.}},
	%volume   = "",
	%number   = "",
	%series   = "",
	%address  = "",
	edition   = "I",
        year      = "2008",
        %month    = "",
        %note     = ""
     }

@book{ RKDM,
	author	  = "A. Kowalczykowa",
	title	  = {{Słowacki}},
	publisher = {{Wydawnictwo Naukowe PWN}},
	%volume   = "",
	%number   = "",
	%series   = "",
	%address  = "",
	edition   = "II -- uzupełnione",
        year      = "1999",
        %month    = "",
        %note     = ""
     }


@book{ AKChMPWPs,
	author	  = "A. Krzyżanowski",
	title	  = {{Chrześcijańska moralność polityczna. Wybór pism.}},
	publisher = {{Kraków}},
	%volume   = "",
	%number   = "",
	%series   = "",
	%address  = "",
	%edition   = "",
        year      = "2002",
        %month    = "",
        %note     = ""
     }

@book{ ZKMGRz,
	author	  = "Z. Kubiak",
	title	  = {{Mitologia Greków i Rzymian}},
	publisher = {{Świat Książki}},
	%volume   = "",
	%number   = "",
	%series   = "",
	%address  = "",
	%edition   = "",
        year      = "2003",
        %month    = "",
        %note     = ""
     }

@book{ CLSSG,
	author	  = "C. Levi-Strauss",
	title	  = {{Surowe i gotowane}},
	publisher = {{Aletheia}},
	%volume   = "",
	%number   = "",
	%series   = "",
	%address  = "",
	%edition   = "",
        year      = "2010",
        %month    = "",
        %note     = ""
     }

@book{ BMDI,
	author	  = "B. Malinowski",
	title	  = {{Dzieła. Tom I: Wierzenia pierwotne i formy ustroju społecznego, O zasadzie ekonomi myślenia}},
	publisher = {{Państwowe Wydawnictwo Naukowe}},
	%volume   = "",
	%number   = "",
	%series   = "",
	%address  = "",
	edition   = "II",
        year      = "1984",
        %month    = "",
        %note     = ""
     }

@book{ AMGJCMGBNJU,
	author	  = {{A. McGrath, J. C. McGrath}},
	title	  = {{Bóg nie jest urojeniem. Złudzenie Dawkinsa.}},
	publisher = {{WAM}},
	%volume   = "",
	%number   = "",
	%series   = "",
	%address  = "",
	edition   = "II",
        %year      = "",
        %month    = "",
        %note     = ""
     }

@book{ AMGBD,
	author	  = "M. Melanowicz",
	title	  = {{Japoński dramat telewizyjny}},
	publisher = {{Wydawnictwo Akademickie DIALOG}},
	%volume   = "",
	%number   = "",
	%series   = "",
	%address  = "",
	edition   = "I",
        year      = "2009",
        %month    = "",
        %note     = ""
     }

@book{ WSzFG,
	author	  = "W. Sztruc",
	title	  = {{Faust Goethego. Ku antropologii romantycznej.}},
	publisher = "Kraków",
	%volume   = "",
	%number   = "",
	%series   = "",
	%address  = "",
	edition   = "I",
        year      = "1995",
        %month    = "",
        %note     = ""
     }


@book{ AWSU,
	author	  = {{A. H. Winsnes}},
	title	  = {{Sigrid Undset}},
	publisher = {{Instytut Wydawniczy PAX}},
	%volume   = "",
	%number   = "",
	%series   = "",
	%address  = "",
	edition   = "I",
        year      = "1959",
        %month    = "",
        %note     = ""
     }

@book{ PPRII,
	author	  = {{Red. M. Żmigrodzka}},
	title	  = {{Problemy polskiego romantyzmu. Seria druga.}},
	publisher = {{Wydawnictwo Polskiej Akademii Nauk}},
	%volume   = "",
	%number   = "",
	%series   = "",
	%address  = "",
	%edition   = "",
        year      = "1974",
        %month    = "",
        %note     = ""
     }

@book{ PPRIII,
	author	  = {{Red. M. Żmigrodzka}},
	title	  = {{Problemy polskiego romantyzmu. Seria trzecia.}},
	publisher = {{Wydawnictwo Polskiej Akademii Nauk}},
	%volume   = "",
	%number   = "",
	%series   = "",
	%address  = "",
	edition   = "I",
        year      = "1981",
        %month    = "",
        %note     = ""
     }



HISTORIA



@book{ EGMINHK,
	author	  = {Red. E. Guerriero, M. Impagliazzo},
	title	  = {Najnowsza historia Kościoła},
	publisher = "Wydawnictwo M",
	%volume   = "",
	%number   = "",
	%series   = "",
	%address  = "",
	%edition   = "",
        year      = "2006",
        %month    = "",
        %note     = ""
     }


@book{ JOMCZPSWD,
	author	  = "J. W. O'Malley SJ",
	title	  = "Co się wydarzyło podczas Soboru Watykańskiego Drugiego",
	publisher = "WAM",
	%volume   = "",
	%number   = "",
	%series   = "",
	%address  = "",
	edition   = "I",
        year      = "2011",
        %month    = "",
        %note     = ""
     }



















@book{ CheO,
	author	   = "G. K. Chesterton",
	title	   = {{Ortodoksja}},
	publisher = "Warszawa -- Ząbki",
	%volume   = "",
	%number   = "",
	%series   = "",
	%address  = "",
	edition   = "II -- Poprawione",
       %year      = "",
       %month    = "",
       %note     = ""
     }