@Comment #############################################################
@Comment #############################################################
KOMIKSY
@Comment #############################################################
@Comment #############################################################



@book{ ChmielewskiTytusRomekIATomekKsiegaXXI1994,
  author =	 {Henryk Jerzy Chmielewski},
  title =	 {Tytus Romek i~A'Tomek. Księga XXI},
  publisher =	 {Prószyński i~S-ka},
  address =	 {Warszawa},
  year =	 1994,
  edition =	 {{I}},
}


@book{ ChmielewskiZlotaKsiegaPrzygod2002,
  author =	 {Henryk Jerzy Chmielewski},
  title =	 {Tytus Romek i~A'Tomek. Złota księga przygód},
  publisher =	 {Prószyński i~S-ka},
  address =	 {Warszawa},
  year =	 2002,
  edition =	 {{I}},
}


@book{ MorrisonEtAlSupermanTomI2013,
  author =	 {Grant Morrison and Rags Morales and Andy Kubert},
  title =	 {Superman. Tom~1: Superman i~ludzie ze stali},
  publisher =	 {Egmont Polska Sp.~z~o.o.},
  address =	 {Warszawa},
  year =	 2013,
  edition =	 {{I}},
}







@Comment #############################################################
POWIEŚCI GRAFICZNE
@Comment #############################################################


@book{ PrattCoroMalteseBalladaOSlonymMorzu2004,
  author =	 {Hugo Pratt},
  title =	 {Corto Maltese. Ballada o~słonym morzu},
  publisher =	 {Wydawnictwo POST},
  address =	 {Kraków},
  year =	 2004,
  edition =	 {{I}},
  note =	 {Tłumaczenie z~języka włosckiego: Monika Gurgul.
                  Opracownie graficzne i~liternictwo: Joanna
                  Holeksa-Szłapa}
}







@Comment #############################################################
WILL EINSER -- KOMIKSY
@Comment #############################################################


@book{ EisnerSpirit2009,
  author =	 {Will Eisner},
  title =	 {Spirit. Najlepsze opowieści},
  publisher =	 {Egmont Polska},
  address =	 {Warszawa},
  year =	 2009,
  edition =	 {{I}},
}







@Comment #############################################################
WILL EINSER -- POWIEŚCI GRAFICZNE
@Comment #############################################################


@book{ EisnerUmowaZBogiem2007,
  author =	 {Will Eisner},
  title =	 {Trylogia Umowa z~Bogiem. Życie na~Dropsie Avenue},
  publisher =	 {Egmont Polska},
  address =	 {Warszawa},
  year =	 2007,
  edition =	 {{I}},
  note =	 {Tłum. Jacek Drewnowski},
}


@book{ EisnerNowyYork2008,
  author =	 {Will Eisner},
  title =	 {Nowy York. Życie w~wielki mieście},
  publisher =	 {Egmont Polska},
  address =	 {Warszawa},
  year =	 2008,
  edition =	 {{I}},
}


@book{ EisnerZycieWObrazkach2009,
  author =	 {Will Eisner},
  title =	 {Życie w~obrazkach. Opowieści autobiograficzne},
  publisher =	 {Egmont Polska},
  address =	 {Warszawa},
  year =	 2009,
  edition =	 {{I}},
}







@Comment #############################################################
@Comment #############################################################
POEZJA TŁUMACZONA
@Comment #############################################################
@Comment #############################################################


@book{ BaranczakAntologiaAngielskiejPozejiMetafizycznej1982,
  author =	 {Stanisław Barańczak},
  title =	 {Antologia angielskiej poezji metafizycznej XVII
                  stulecia},
  publisher =	 {Państwowy Instytytu Wydawniczy},
  address =	 {Warszawa},
  year =	 1982,
  edition =	 {{I}},
}







@Comment #############################################################
@Comment #############################################################
POEZJA W JĘZYKU ORYGINALNYM
@Comment #############################################################
@Comment #############################################################


@book{ IwaszkiewiczWierszeTomI1977,
  author =	 {Jarosław Iwaszkiewicz},
  title =	 {Wiersze},
  publisher =	 {Czytelnik},
  address =	 {Warszawa},
  year =	 1977,
  edition =	 {I},
  volume =	 {I},
}


@book{ LechonPoezje1973,
  author =	 {Jan Lechoń},
  title =	 {Poezje},
  publisher =	 {Państwowy Instytut Wydawniczy},
  address =	 {Warszawa},
  year =	 1973,
  edition =	 {{II}},
}


@book{ RymkiewiczCichoCiszej2003,
  author =	 {Jarosław Marek Rymkiewicz},
  title =	 {Cicho ciszej. Wybrane wiersze z~lat 1963--2002},
  publisher =	 {Sic!},
  address =	 {Warszawa},
  year =	 2003,
  edition =	 {{I}},
}







@Comment #############################################################
@Comment #############################################################
OPOWIADANIA
@Comment #############################################################
@Comment #############################################################


@book{ LemDziennikiGwiazdowe1982,
  author =	 {Stanisław Lem},
  title =	 {Dzienniki gwiazdowe. Wydanie rozszerzone},
  publisher =	 {Wydawnictwo Literackie},
  address =	 {Kraków},
  year =	 1982,
  edition =	 {I~rozszerzone},
}


@book{ WildsteinPrzyszloscZOgraniczona2010,
  author =	 {Bronisław Wildstein},
  title =	 {Przyszłość z~ograniczoną odpowiedzialnością},
  publisher =	 {Wydawnictwo~M},
  address =	 {Kraków},
  year =	 2010,
  edition =	 {{II}},
}







@Comment #############################################################
@Comment #############################################################
POWIEŚCI
@Comment #############################################################
@Comment #############################################################


@book{ ChestertonCzlowiekKtoryBylCzwartkiem2008,
  author =	 {Gilbert Keith Chesterton},
  title =	 {Człowiek, który był czwartkiem},
  publisher =	 {FRONDA PL sp. z~o.o.},
  address =	 {Warszawa},
  year =	 2008,
  edition =	 {{I}},
}


@book{ DukajWroniec2009,
  author =	 {Jacek Dukaj},
  title =	 {Wroniec},
  publisher =	 {Wydawnictwo Literackie Sp. z~o.o.},
  address =	 {Kraków},
  year =	 2009,
  edition =	 {{I}},
}


@book{ EndoMilczenie1986,
  author =	 {Shusaku Endo},
  title =	 {Milczenie},
  publisher =	 {Instytut Wydawniczy PAX},
  address =	 {Warszawa},
  year =	 1986,
  edition =	 {{II}},
}


@book{ MannDoktorFaustus2002,
  author =	 {Tomasz Mann},
  title =	 {Doktor Faustus. Żywot niemieckiego kompozytora
                  Adriana Leverk\"{u}hna opowiedziany przez jego
                  przyjaciela},
  publisher =	 {Porozumienie Wydawców},
  address =	 {Kraków},
  year =	 2002,
  edition =	 {{I}},
}


@book{ TolkienHobbit1997,
  author =	 {John Ronald Reuel Tolkien},
  title =	 {Hobbit, czyli tam i~z~powrotem},
  publisher =	 {Iskry},
  address =	 {Warszawa},
  year =	 {1997?},
  edition =	 {{XI}},
}





@Comment ###############################
TEODOR PARNICKI
@Comment ###############################


@book{ ParnickiKolaNaPiasku1989,
  author =	 {Teodor Parnicki},
  title =	 {Koła na piasku. Powieść z~roku~160 przed narodzeniem
                  Chrystusa},
  publisher =	 {Instytut Wydawniczy PAX},
  address =	 {Warszawa},
  year =	 1989,
  edition =	 {{II}},
}







@Comment #############################################################
@Comment #############################################################
SZTUKI TEATRALNE
@Comment #############################################################
@Comment #############################################################



@Comment ###############################
WILLIAM SHAKESPEARE
@Comment ###############################


@book{ ShakespeareWesoleKumoszkiZWindsoru1998,
  author =	 {William Shakespeare},
  title =	 {Wesołe kumoszki z~Windsoru},
  publisher =	 {Wydawnictwo ZNAK},
  address =	 {Kraków},
  year =	 1998,
  edition =	 {{I}},
}


@book{ ShakespeareBurza1999,
  author =	 {William Shakespeare},
  title =	 {Burza},
  publisher =	 {Wydawnictwo ZNAK},
  address =	 {Kraków},
  year =	 1999,
  edition =	 {{I}},
}







@Comment #############################################################
@Comment #############################################################
ZBIORY AFORYZMÓW
@Comment #############################################################
@Comment #############################################################


@book{ MickiewiczMysliZdaniaIUwagi2000,
  author =	 {Adam Mickiewicz},
  title =	 {Myśli, zdania i~uwagi},
  publisher =	 {Prószyński i~S-ka},
  address =	 {Warszawa},
  year =	 2000,
  edition =	 {{I}},
}







@Comment #############################################################
@Comment #############################################################
SKRAJNA PROPAGANDA
@Comment #############################################################
@Comment #############################################################


@book{ MickiewiczKsiegaNaroduPolskieg2004,
  author =	 {Adam Mickiewicz},
  title =	 {Księgi narodu polskiego i~pielgrzymstwa polskiego},
  publisher =	 {Zakład Narodowy im.~Ossolińskich},
  address =	 {Wrocław},
  year =	 2004,
  edition =	 {{}},
}







@Comment #############################################################
@Comment #############################################################
INTERPRETACJA I ANALIZA LITERATURY
@Comment #############################################################
@Comment #############################################################



@Comment #############################################################
INTERPRETACJA I ANALIZA POEZJI
@Comment #############################################################


@book{ PoezjeBoleslawaLesmianaInterpretacje2000,
  author =	 {Red. Barbara Stelmaszczyk and Tomasz Cieślak},
  title =	 {Poezje Bolesława Leśmiana. Interpretacje},
  publisher =	 {Universitas},
  address =	 {Kraków},
  year =	 2000,
  edition =	 {{I}},
}
