@Comment #############################################################
@Comment #############################################################
MATEMATYKA
@Comment #############################################################
@Comment #############################################################


@Comment #############################################################
LOGIKA
@Comment #############################################################


@book{ BremerWprowadzenieDoLogiki2004,
  author =	 {Józef W.~Bremer},
  title =	 {Wprowadzenie do~logiki},
  publisher =	 {Wydawnictwo WAM},
  address =	 {Kraków},
  year =	 2004,
  edition =	 {{I}},
  seriess =	 {Myśl Filozoficzna}
}





@Comment ###############################
LOGIKA MATEMATYCZNA
@Comment ###############################


@book{ LukasiewiczElementyLogikiMatematycznej1929,
  author =	 {Jan Łukasiewicz},
  title =	 {Elementy logiki matematycznej. Skryp autoryzowany},
  publisher =	 {Nakładem Komisji Wydawniczej Koła
		  Matematyczno-Fizycznego Słuchaczów Uniwersytetu
		  Warszawskiego},
  address =	 {Warszawa},
  year =	 1929,
  edition =	 {{I}},
  note =	 {Reprint przez Wydawnictwo Uniwersystetu im.~Adama
		  Mickiewicza w~Poznaniu},
}


@book{ QuineLogikaMatematyczna1974,
  author =	 {Willard Van Orman Quine},
  title =	 {Logika matematyczna},
  publisher =	 {Państwowe Wydawnictwo Naukowe},
  address =	 {Warszawa},
  year =	 1974,
  edition =	 {{I}},
  note =	 {Tłum. Leon Koj},
}





@Comment #############################################################
TEORIA MNOGOŚCI
@Comment #############################################################


@book{ KuratowskiWstepTeoriiMnogosciITopologii2004,
  author =	 {Kazimierz Kuratowski},
  title =	 {Wstęp do~teorii mnogości i~topologii},
  publisher =	 {Wydawnictwo Naukowe PWN},
  address =	 {Warszawa},
  year =	 2004,
  edition =	 {IX},
  note =	 {Wraz z~dodatkiem Ryszarda Engelkinga \emph{Elementy
		  topologii algebraicznej}},
}





@Comment ###############################
TEORIA GRUP
@Comment ###############################






@Comment ###############################
ALGEBRA
@Comment ##############################

@book{ BialynickiBirulaZarysAlgebry1987,
  author =	 {Andrzej Białynicki-Birula},
  title =	 {Zarys algebry},
  publisher =	 {Państwowe Wydawnictwo Naukowe},
  address =	 {Warszawa},
  year =	 1987,
  edition =	 {{I}},
}





@Comment ##############################
ALGEBRA LINIOWA
@Comment ##############################


@book{ ArodzRosciszewskiAlgebraIGeometria2005,
  author =	 {Henryk Arodź and Krzysztof Rościszewski},
  title =	 {Algebra i~geometria analityczna w~zadaniach},
  publisher =	 {Wydawnictwo Znak},
  address =	 {Kraków},
  year =	 2005,
  edition =	 {{I}},
}


@book{ GancarzewiczArytmetyka2000,
  author =	 {Jacek Gancarzewicz},
  title =	 {Arytmetyka},
  publisher =	 {Wydawnictwo Uniwersytetu Jagiellońskiego},
  address =	 {Kraków},
  year =	 2000,
  edition =	 {{I}},
}


@book{ GancarzewiczAlgebraLiniowa2004,
  author =	 {Jacek Gancarzewicz},
  title =	 {Algebra liniowa i~jej zastosowania},
  publisher =	 {Wydawnictwo Uniwersytetu Jagiellońskiego},
  address =	 {Kraków},
  year =	 2004,
  edition =	 {{I}},
}


@book{ HerdegenAlgebraLiniowaIGeometria2010,
  author =	 {Andrzej Herdegen},
  title =	 {Algebra liniowa i~geometria},
  publisher =	 {DISCEPTO},
  address =	 {Kraków},
  year =	 2010,
  edition =	 {II --~poprawione i~rozszerzone},
}





@Comment #############################################################
ANALIZA MATEMATYCZNA
@Comment #############################################################


@book{ FichtenholzRachunekRiCTomI2005,
  author =	 {Grigorij Michajłowicz Fichtenholz},
  title =	 {Rachunek różniczkowy i~całkowy},
  publisher =	 {Wydawnictwo Naukowe PWN},
  address =	 {Warszawa},
  year =	 2005,
  edition =	 {{XII -- trzeci dodruk}},
  volume =	 {{I}},
}


@book{ FichtenholzRachunekRiCTomII2004,
  author =	 {Grigorij Michajłowicz Fichtenholz},
  title =	 {Rachunek różniczkowy i~całkowy},
  publisher =	 {Wydawnictwo Naukowe PWN},
  address =	 {Warszawa},
  year =	 2004,
  edition =	 {XII -- drugi dodruk},
  volume =	 {{II}},
  note =	 {Tłum. Abraham Goetz, Lucjan Szamkołowicz, Bolesław
		  Gleichgewicht, Tadeusz Huskowski, Edward Piegat},
}


@book{ FichtenholzRachunekRiCTomIII2005,
  author =	 {Grigorij Michajłowicz Fichtenholz},
  title =	 {Rachunek różniczkowy i~całkowy},
  publisher =	 {Wydawnictwo Naukowe PWN},
  address =	 {Warszawa},
  year =	 2004,
  edition =	 {X --~drugi dodruk},
  volume =	 {{III}},
}


@book{ KrysickiWlodarskiAnalizaWZadaniachTomI2005,
  author =	 {Włodzimierz Krysicki and L. Włodarski},
  title =	 {Analiza matematyczna w~zadaniach},
  publisher =	 {Wydawnictwo Naukowe PWN},
  address =	 {Warszawa},
  year =	 2005,
  edition =	 {XXIX -- trzeci dodruk},
  volume =	 {{I}},
}


@book{ KrysickiWlodarskiAnalizaWZadaniachTomII2004,
  author =	 {Włodzimierz Krysicki and L. Włodarski},
  title =	 {Analiza matematyczna w~zadaniach},
  publisher =	 {Wydawnictwo Naukowe PWN},
  address =	 {Warszawa},
  year =	 2004,
  edition =	 {{XXVII}},
  volume =	 {{II}},
}


@book{ LojasiewiczWstepDoFunkcjiRzeczywistych1976,
  author =	 {Stanisław Łojasiewicz},
  title =	 {Wstęp do~teorii funkcji rzeczywistych},
  publisher =	 {Państwowe Wydawnictwo Naukowe},
  address =	 {Warszawa},
  year =	 1976,
  edition =	 {{II}},
  series =	 {Biblioteka Matematyczna},
  number =	 46,
}


@book{ MaurinAnalizaTomI1974,
  author =	 {Krzysztof Maurin},
  title =	 {Analiza. Część~I: Elementy},
  publisher =	 {Państwowe Wydawnictwo Naukowe},
  address =	 {Warszawa},
  year =	 1974,
  edition =	 {{III}},
  series =	 {Biblioteka Matematyczna},
  number =	 38,
}

@book{ MaurinAnalizaTomII1991,
  author =	 {Krzysztof Maurin},
  title =	 {Analiza. Część~II: Ogólne struktury, funkcje
		  algebraiczne, całkowanie, analiza tensorowa},
  publisher =	 {Wydawnictwo Naukowe PWN},
  address =	 {Warszawa},
  year =	 1991,
  edition =	 {II -- zmieninone},
  volume =	 {{II}},
  series =	 {Biblioteka Matematyczna},
  number =	 170,
}


@book{ NahinInterestingIntegrals2015,
  author =	 {P. J. Nahin},
  title =	 {Inside Interesting Integrals},
  publisher =	 {Springer},
  address =	 {New York, Heidelberg, Dordrecht, London},
  year =	 2015,
  edition =	 {{I}},
}


@book{ RudinAnalizaRzeczywistaIZespolona1986,
  author =	 {Walter Rudin},
  title =	 {Analiza rzeczywista i~zespolona},
  publisher =	 {Państwowe Wydawnictwo Naukowe},
  address =	 {Warszawa},
  year =	 1986,
  edition =	 {{I}},
}

@book{ RudinAnalizaRzeczywistaIZespolona1998,
  author =	 {Walter Rudin},
  title =	 {Analiza rzeczywista i~zespolona},
  publisher =	 {Wydawnictwo Naukowe PWN},
  address =	 {Warszawa},
  year =	 1998,
  edition =	 {{II}},
}


@book{ SchwartzKursAnalizyMatematycznejTomI1979,
  author =	 {Laurent Schwartz},
  title =	 {Kurs analizy matematycznej},
  publisher =	 {Państwowe Wydawnictwo Naukowe},
  address =	 {Warszawa},
  year =	 1979,
  edition =	 {{I}},
  volume =	 {{I}},
}


@book{ SchwartzKursAnalizyMatematycznejTomII1980,
  author =	 {Laurent Schwartz},
  title =	 {Kurs analizy matematycznej},
  publisher =	 {Państwowe Wydawnictwo Naukowe},
  address =	 {Warszawa},
  year =	 1980,
  edition =	 {{I}},
  volume =	 {{II}},
}

@book{ StankiewiczZadaniaZMatematyki1980,
  author =	 {W. Stankiewicz},
  title =	 {Zadania z~matematyki dla wyższych uczelni
		  technicznych},
  publisher =	 {Państwowe Wydawnictwo Naukowe},
  address =	 {Warszawa},
  year =	 1980,
  volume =	 {I},
  edition =	 {V -- zmienione},
}







@Comment ###############################
TEORIA MIARY I CAŁKI
@Comment ###############################


@book{ KrantzParksGeometricIntegrationTheory2008,
  author =	 {Steven G.~Krantz, Harold R.~Parks},
  title =	 {Geometric Integration Theory},
  publisher =	 {Birkh{\"{a}}user},
  address =	 {Boston, Basel, Berlin},
  year =	 2008,
  series =	 {Cornerstones},
}





@Comment ###############################
ANALIZA WEKTOROWA
@Comment ###############################


@book{ GalbisMaestreVectorAnalysisVsVectorCalculus,
  author =	 {Galbis, Antonio and Maestre, Manuel},
  title =	 {Vector Analysis Versus Vector Calculus},
  publisher =	 {Springer},
  address =	 {New York, Dordrecht, Heidelberg, London},
  edition =	 {{I}},
  year =	 1980,
  seriess =	 {Universitext},
}







@Comment ###############################
RACHUNEK WARIACYJNY
@Comment ###############################


@book{ GelfandFominRachunekWariacyjny1979,
  author =	 {I. M. Gelfand and S. W. Fomin},
  title =	 {Rachunek wariacyjny},
  publisher =	 {Państwowe Wydawnictwo Naukowe},
  address =	 {Warszawa},
  year =	 1979,
  edition =	 {{IV}},
}







@Comment ###############################
ANALIZA ZESPOLONA
@Comment ###############################


@book{ JakobczakJarnickiFunkcjeHolomorficzneWieluZmiennych2002,
  author =	 {P. Jakóbczak and M. Jarnicki},
  title =	 {Wstęp do~teorii funkcji holomorficznych wielu
		  zmiennych zespolonych},
  publisher =	 {Wydawnictwo Uniwersytetu Jagiellońskiego},
  address =	 {Kraków},
  year =	 2002,
  edition =	 {{I}},
}


@book{ LejaFunkcjeZespolone2006,
  author =	 {Franciszek Leja},
  title =	 {Funkcje zespolone},
  publisher =	 {Wydawnictwo Naukowe PWN},
  address =	 {Warszawa},
  year =	 2006,
  edition =	 {{VI}},
}


@book{ SzabatWstepDoAnalizyZespolonej1974,
  author =	 {W. B. Szabat},
  title =	 {Wstęp do analizy zespolonej},
  publisher =	 {Państwowe Wydawnictwo Naukowe},
  address =	 {Warszawa},
  year =	 1974,
  edition =	 {{I}},
}


@book{ KrzyzZbiorZadanZFunkcjiAnalitycznych2005,
  author =	 {Jan Krzyż},
  title =	 {Zbiór zadań z~funkcji analitycznych},
  publisher =	 {Wydawnictwo Naukowe PWN},
  address =	 {Warszawa},
  year =	 2005,
  edition =	 {{V}},
}







@Comment ###############################
ANALIZA NIESTANDARDOWA
@Comment ###############################


@misc{ RosingerShortIntroNonstandardAnalysis2004,
  author =	 {Elem\acute{e}r E.~Rosinger},
  title =	 {Short introduction to~Nonstandard Analysis},
  year =	 2004,
  month =	 {Jul},
  archivePrefix ={arXiv},
  eprint =	 {0407178v1},
  primaryClass = {math.GM},
}







@Comment #############################################################
RÓWNANIA RÓŻNICZKOWE ZWYCZAJNE
@Comment #############################################################


@book{ ArnoldRownaniaRozniczkoweZwyczajne1975,
  author =	 {Władimir Igorewicz Arnold},
  title =	 {Równania różniczkowe zwyczajne},
  publisher =	 {Państwowe Wydawnictwo Naukowe},
  address =	 {Warszawa},
  edition =	 {{I}},
  year =	 1975,
}


@book{ ArnoldTeoriaRownanRozniczkowych1983,
  author =	 {Władymir Igorewicz Arnold},
  title =	 {Teoria równań różniczkowych},
  publisher =	 {Państwowe Wydawnictwo Naukowe},
  address =	 {Warszawa},
  year =	 1983,
  edition =	 {{I}},
}


@book{ MatwiejewMetodyCalkowaniaRownanRozniczkowychZwyczajnych1982,
  author =	 {N. M. Matwiejew},
  title =	 {Metody całkowania równań różniczkowych zwyczajnych},
  publisher =	 {Państwowe Wydawnictwo Naukowe},
  address =	 {Warszawa},
  year =	 1982,
  edition =	 {{I}},
}





@Comment #############################################################
RÓWNANIA RÓŻNICZKOWE CZĄSTKOWE
@Comment #############################################################


@book{ EvansRowaniaRozniczoweCzastkowe2008,
  author =	 {L. C. Evans},
  title =	 {Równania różniczkowe cząstkowe},
  publisher =	 {Wydawnictwo Naukowe PWN},
  address =	 {Warszawa},
  year =	 2008,
  edition =	 {{I}},
}


@book{ HormanderAnalysisPartialDifferentialOperators1983,
  author =	 {Lars H{\"{o}}rmander},
  title =	 {The~Analysis~of Linear Partial Differential
		  Operators~I. Distributon Theory and~Fourier
		  Analysis},
  address =	 {{}},
  publisher =	 {Springer},
  year =	 1983,
  edition =	 {{I}},
}


@book{ MarcinkowskaWstepRownanRozniczkowychCzastkowych1986,
  author =	 {Hanna Marcinkowska},
  title =	 {Wstęp do~teorii równań różniczkowych cząstkowych},
  publisher =	 {Państwowe Wydawnictwo Naukowe},
  address =	 {Warszawa},
  edition =	 {II --~zmienione},
  year =	 1986,
  series =	 {Biblioteka Matematyczna},
  volume =	 43,
}


@book{ StrzeleckiKrotkieWprowadzeniePDE2006,
  author =	 {P. Strzelecki},
  title =	 {Krótkie wprowadzenie do~równań różniczkowych
		  cząstkowych},
  publisher =	 {Wydawnictwo Uniwersytetu Warszawskiego},
  address =	 {Warszawa},
  year =	 2006,
  edition =	 {{I}},
}


@book{ SzmydtTransformacjaFourieraIRownaniaRozniczkoweLiniowe1972,
  author =	 {Zofia Szmydt},
  title =	 {Transformacje Fourier i~równania różniczkowe
		  liniowe},
  publisher =	 {Państwowe Wydawnictwo Naukowe},
  address =	 {Warszawa},
  year =	 1972,
  edition =	 {{I}},
  series =	 {Biblioteka Matematyczna},
  volume =	 44,
}







@Comment #############################################################
NIELINIOWE RÓWNANIA RÓŻNICZKOWE CZĄSTKOWE
@Comment #############################################################


@book{ AbrosioEtAlCalculusOfVariationsAndNonLinearPDF2008,
  author =	 {Ambrosio, Luigi and Caffarelli, Luis and Crandall,
		  Michael~G. and Evans, Lawrence~C. and Fusco, Nicola},
  title =	 {Calculus~of Variations and~Non-Linear Partial
		  Differential Equations},
  publisher =	 {Springer},
  address =	 {Berlin, Heidelberg},
  year =	 2008,
  edition =	 {{I}},
  seriess =	 {Lecture Notes in~Mathematics},
  volume =	 1927,
}







@Comment #############################################################
ANALIZA FUNKCJONALNA
@Comment #############################################################


@book{ BalakrishnanAnalizaFunkcjonalnaStosowana1992,
  author =	 {A. V. Balakrishnan},
  title =	 {Analiza funkcjonalna stosowana},
  publisher =	 {Wydawnictwo Naukowe PWN},
  address =	 {Warszawa},
  year =	 1992,
  edition =	 {{I}},
}


@book{ DeitmarEcherhoffPrinciplesOfHarmonicAnalysis2009,
  author =	 {Anton Deitmar and Siegfried Echterhoff},
  title =	 {Principles~of Harmonic Analysis},
  publisher =	 {Springer},
  address =	 {New York, NY},
  year =	 2009,
  edition =	 {{}},
  doi =		 {10.1007/978-0-387-85469-4},
  url =		 {https://doi.org/10.1007/978-0-387-85469-4},
}


@book{ ChmielinskiAnalizaFunkcjonalna2004,
  author =	 {J. Chmieliński},
  title =	 {Analiza funkcjonalna. Notatki do~wykładu},
  publisher =	 {Wydawnictwo Naukowe Akademii Pedagogicznej},
  address =	 {Kraków},
  year =	 2004,
  edition =	 {II --~uzupełnione},
}


@book{ PrusStachuraAnalizaFunkcjonalnaWZadaniach2007,
  author =	 {Stanisła Prus and Adam Stachura},
  title =	 {Analiza funkcjonalna w~zadaniach},
  publisher =	 {Wydawnictwo Naukowe PWN},
  address =	 {Warszawa},
  year =	 2007,
  edition =	 {{I}},
}


@book{ ReedSimonMethodsOfModernMathematicalPhysicsVolI1980,
  author =	 {Michael Reed and Barry Simon},
  title =	 {Methods~of Modern Mathematical Physics~I:
		  Functional Analysis},
  publisher =	 {Academic Press},
  address =	 {San Diego, New York, Boston, London, Sydney, Tokyo,
		  Toronto},
  year =	 1980,
  edition =	 {Revised and~enlarged edtion},
}


@book{ ReedSimonMethodsOfModernMathematicalPhysicsVolIV1978,
  author =	 {Michael Reed and Barry Simon},
  title =	 {Methods~of Modern Mathematical Physics~IV:
		  Analysis~of Operators},
  publisher =	 {Academic Press, Inc.},
  address =	 {New York, San Francisco, London},
  year =	 1978,
  edition =	 {{I}},
}


@book{ RudinAnalizaFunkcjonalna2002,
  author =	 {Walter Rudin},
  title =	 {Analiza funkcjonalna},
  publisher =	 {Wydawnictwo Naukowe PWN},
  address =	 {Warszawa},
  year =	 2002,
  edition =	 {{II}},
}


@book{ SchmudgenUnboundedSelfadjointOperatorsHilberSpace2012,
  author =	 {Konrad Schmu{\"{u}}dgen},
  title =	 {Unbounded Self-adjoint Operators on~Hilbert Space},
  publisher =	 {Springer},
  address =	 {Dordrecht, Heidelberg, New York, London},
  year =	 2012,
  edition =	 {{I}},
  seriess =	 {Graduate Texts in~Mathematics},
  volume =	 265,
}







@Comment ###############################
TEORIA OPERATORÓW I C*-ALGEBR
@Comment ###############################


@book{ BratteliRobinsonOperatorAlgebrasTomI2002,
  author =	 {Ola Bratteli and Derek W. Robinson},
  title =	 {Operator Algebras and~Quantum Statistical
		  Mechanics~1},
  publisher =	 {Springer},
  address =	 {Berlin, Heidelberg},
  year =	 2002,
  edition =	 {{II}}
}






@Comment #############################################################
NIELINIOWA ANALIZA FUNKCJONALNA
@Comment #############################################################


@book{ ZeidlerNonlinearFunctionalAnalysisVolIIA,
  author =	 {Eberhard Zeidler},
  title =	 {Nonlinear Functional Analysis and~its Applications.
		  II/A:~Linear Monotone Operators},
  publisher =	 {Springer},
  address =	 {New York, Berlin, Heidelberg, Barcelona, Budapest,
		  Hong Kong, London, Milan, Paris, Santa Clara,
		  Singapore, Tokyo},
  year =	 1990,
  edition =	 {{I}},
}







@Comment ###############################
GEOMETRIA RÓŻNICZKOWA
@Comment ###############################


@book{ BoothbyIntroductionToDifferentiableManifolds1986,
  author =	 {William M. Boothby},
  title =	 {An~Introduction to~Differentiable Manifolds
		  and~Riemannian Geometry},
  publisher =	 {Academic Press, Inc.},
  address =	 {San Diego, New York, Berkley, Boston, London,
		  Sydney, Tokyo, Toronto},
  year =	 1986,
  edition =	 {{II}},
}


@book{ GancarzewiczOpozdaWstepDoGeometriiRozniczkowej2003,
  author =	 {Gancarzewicz, Jacek and Opozda, Barbara},
  title =	 {Wstęp do~geometrii różniczkowej},
  publisher =	 {Wydawnictwo Uniwersytetu Jagiellońskiego},
  address =	 {Kraków},
  year =	 2003,
  edition =	 {{I}},
}


@book{ GancarzewiczZarysWspolczesnejGeometriiRozniczkowej2010,
  author =	 {Jacek Gancarzewicz},
  title =	 {Zarys współczesnej geometrii różniczkowej},
  publisher =	 {SCRIPT},
  address =	 {Warszawa},
  year =	 2010,
  edition =	 {{I}},
}

@book{ GdowskiElementGeometriiRozniczkowejZZadaniami1999,
  author =	 {Bogusław Gdowski},
  title =	 {Elementy geometrii różniczkowej z~zadaniami},
  publisher =	 {Oficyna Wydawnicza Politechniki Warszawskiej},
  address =	 {Warszawa},
  edition =	 {{IV}},
  year =	 1999,
}


@book{ SokolowskiElementyAnalizyTensorowej2010,
  author =	 {Leszek M. Skokołowski},
  title =	 {Elementy analizy tensorowej},
  publisher =	 {Wydawnictwo Uniwersytetu Warszawskiego},
  address =	 {Warszawa},
  year =	 2010,
  edition =	 {{I}},
}


@book{ FlandersTeoriaFormRozniczkowych1969,
  author =	 {H. Flanders},
  title =	 {Teoria form różniczkowych},
  publisher =	 {Państwowe Wydawnictwo Naukowe},
  address =	 {Warszawa},
  year =	 1969,
  edition =	 {{I}},
}


@book{ LeeIntroductionToSmoothManifolds2013,
  author =	 {John M. Lee},
  title =	 {Introduction to~Smooth Manifolds},
  publisher =	 {Springer},
  address =	 {New York, Heidelberg, Dordrechet, London},
  year =	 2013,
  edition =	 {{II}},
  series =	 {Graduate Texts in~Mathematics},
  number =	 218,
}







@Comment ###############################
GEOMETRIA NIEPRZEMIENNA
@Comment ###############################


@book{ GraciaBondiaVarillyFigueroaNoncommutativeGeometry,
  author =	 {Jos\'{e} M.~Gracia-Bond\'{i}a and Joseph
		  C.~V\'{a}rilly and H\'{e}ctor Figueroa},
  title =	 {Elements~of Noncommutative Geometry},
  publisher =	 {{}},
  address =	 {{}},
  year =	 {{}},
}







@Comment ###############################
TEORIA DYSTRYBUCJI
@Comment ###############################


@book{ GelfandShilovGeneralizedFunctionsVolI1964,
  author =	 {I. M. Gelfand and G. V. Shilov},
  title =	 {Generalized Functions. Volume~I: Properties
		  and~Operations},
  publisher =	 {Academic Press},
  address =	 {New York and London},
  year =	 1964,
}


@book{ ZemanianTeoriaDystrybucji1969,
  author =	 {Armen H.~Zemanian},
  title =	 {Teoria dystrybucji i~analiza transformat},
  publisher =	 {Państwowe Wydawnictwo Naukowe},
  address =	 {Warszawa},
  edition =	 {{I}},
  year =	 1969,
  note =	 {{}}
}







@Comment ###############################
RACHUNEK PRAWDOPODOBIEŃSTWA
@Comment ###############################


@book{ BillingsleyPrawdopodobienstwoIMiara2009,
  author =	 {Patrick Billingsley},
  title =	 {Prawdopodobieństwo i~miara},
  publisher =	 {Wydawnictwo Naukowe PWN},
  address =	 {Warszawa},
  year =	 2009,
  edition =	 {{II}},
  note =	 {Tłum. z~języka angielskiego Krystyna Kizeweter,
		  Janusz E.~Roguski}
}


@book{ FellerWstepDoRachunkuPrawdopodobienstwaTomI2006,
  author =	 {William Feller},
  title =	 {Wstęp do~rachunku prawdopodobieństwa},
  publisher =	 {Wydawnictwo Naukowe PWN},
  address =	 {Warszawa},
  year =	 2006,
  edition =	 {{VI}},
  volume =	 {{I}}
}







@Comment ###############################
ZBIORY ZADAŃ Z MATEMATYKI
@Comment ###############################


@book{ DrobkaSzymanskiZbiorZadan1993,
  author =	 {N. Dróbka, K. Szymański},
  title =	 {Zbiór zadań z~matematyki},
  publisher =	 {Wydawnictwo Szkolne i~Pedagogiczne},
  address =	 {Warszawa},
  year =	 1993,
  edition =	 {{III}},
}


@book{ EhrenfeuchtStandeAlgebraDlaKlasyII1987,
  author =	 {Aniela Ehrenfeucht and Olga Stande},
  title =	 {Algebra dla~klasy~II liceum ogólnokształcącego,
		  liceum zawodowego i~technikum},
  publisher =	 {Wydawnictwo Szkolne i~Pedagogiczne},
  address =	 {Warszawa},
  year =	 1987,
  edition =	 {{XVII zmienione}},
}


@book{ Steinhaus100Zadan1993,
  author =	 {Hugo Steinhaus},
  title =	 {Sto zadań},
  publisher =	 {PHU ,,DIP''},
  address =	 {Warszawa},
  year =	 1993,
  edition =	 {{}},
  series =	 {Klasyka Matematyki},
}







@Comment ###############################
POZYCJE ZBIORCZE
@Comment ###############################


@book{ ZL78,
  author =	 {W. Żakowski, W. Leksiński},
  title =	 {Matematyka. Część IV},
  publisher =	 {Wydawnictwo Naukowo-Techniczne},
  address =	 {Warszawa},
  year =	 1978,
  edition =	 {V --~poprawione},
}





@Comment #############################################################
POPULARNONAUKOWE -- MATEMATYKA
@Comment #############################################################


@book{ SautoyPokerZPitagorasem2012,
  author =	 {Marcus du~Sautoy},
  title =	 {Poker z~Pitagorasem},
  publisher =	 {carta blanca},
  address =	 {Warszawa},
  year =	 2012,
  edition =	 {{I}},
  note =	 {Tłum. Adam Bukowski, Jacek Środa},
}





@Comment #############################################################
HISTORIA MATEMATYKI
@Comment #############################################################


@book{ BourbakiElementyHistoriiMatematyki1980,
  author =	 {Nicolas Bourbaki},
  title =	 {Elementy historii matematyki},
  publisher =	 {Państwowe Wydawnictwo Naukowe},
  address =	 {Warszawa},
  year =	 1980,
  edition =	 {{I}},
  note =	 {Tłum. Stanisław Dobrzycki},
}


@book{ BoyerHistoriaRachunkuRozniczkowegoICalkowego1964,
  author =	 {Carl Benjamin Boyer},
  title =	 {Historia rachunku różniczkowego i~całkowego i~rozwój
		  jego pojęć},
  publisher =	 {Państwowe Wydawnictwo Naukowe},
  address =	 {Warszawa},
  year =	 1964,
  edition =	 {{I}},
}


@book{ KrysickiPoczetWielkichMatematykow1989,
  author =	 {Red. Włodzimierz Krysicki},
  title =	 {Poczet wielkich matematyków},
  publisher =	 {Nasza Księgarnia},
  address =	 {{}},
  year =	 1989,
  edition =	 {{}},
}











@Comment #############################################################
@Comment #############################################################
INFORMATYKA
@Comment #############################################################
@Comment #############################################################



@Comment ###############################
C AND C++
@Comment ###############################


@book{ GreboszSymfoniaCxx2006,
  author =	 {J. Gr{ę}bosz},
  title =	 {Symfonia C++ standard},
  publisher =	 {EDITION 2000},
  address =	 {Kraków},
  year =	 2006,
  edition =	 {{II}},
}


@book{ GreboszSymfoniaCxx2008A,
  author =	 {J. Grębosz},
  title =	 {Symfonia C++ standard},
  publisher =	 {EDITION 2000},
  address =	 {Kraków},
  year =	 2008,
  edition =	 {III B --~rozszerzone i~poprawione},
  volume =	 {{I}},
}


@book{ GreboszSymfoniaCxx2008B,
  author =	 {Jacek Grębosz},
  title =	 {Symfonia C++ standard},
  publisher =	 {EDITION 2000},
  address =	 {Kraków},
  year =	 2008,
  edition =	 {III B --~rozszerzone i~poprawione},
  volume =	 {{II}},
}


@book{ KernighanRitchieJezykANSIC2001,
  author =	 {B. W. Kernighan and D. M. Ritchie},
  title =	 {Język ANSI~C},
  publisher =	 {Wydawnictwo Naukowo-Techniczne},
  address =	 {Warszawa},
  year =	 2001,
  edition =	 {{VI}},
}


@book{ OsheroveTestyJednostkowe2014,
  author =	 {Roy Osherove},
  title =	 {Testy jednostkowe. Świat niezawodnych aplikacji},
  publisher =	 {Helion},
  address =	 {Gliwice},
  year =	 2014,
  edition =	 {{II}},
  note =	 {Tłum. Radosław Meryk},
}


@book{ PetersenMasteringEmacs2016,
  author =	 {Mickey Petersen},
  title =	 {Mastering Emacs},
  publisher =	 {https://www.masteringemacs.org/book},
  address =	 {{}},
  year =	 2016,
  edition =	 {{II}},
}







@Comment ###############################
INFORMATYKA I MATEMATYKA
@Comment ###############################


@book{ RychlickiOdMatematykiDoProgramowania2011,
  author =	 {Wiesław Rychlicki},
  title =	 {Od~matematyki do~programowania. Wszystko, co~każdy
		  programista wiedzieć powinien},
  publisher =	 {Helion},
  address =	 {Gliwice},
  year =	 2011,
  edition =	 {{I}},
  series =	 {Pascal, C i~C++ nie tylko dla~uczniów i~studentów},
}







@Comment #############################################################
TRUDNE DO KLASYFIKACJI
@Comment #############################################################


@book{ KimFunctionaDifferentialEquations1999,
  author =	 {A.~V.~Kim},
  title =	 {Functional Differential Equations. Application~of
		  $i$-smooth Calculus},
  publisher =	 {Springer},
  address =	 {{}},
  year =	 1999,
  edition =	 {{I}},
  seriess =	 {Mathematics and~Its Applications},
  volume =	 479,
}


@book{ GossonSymplecticGeometryAndQuantumMechanics2000,
  author =	 {Maurice de~Gosson},
  title =	 {Symplecitc Geometry and Quantum Mechanics},
  publisher =	 {Birkh\"{a}user},
  address =	 {Base, Boston, Berlin},
  year =	 2006,
  edition =	 {{I}},
  seriess =	 {Operator Theory: Advances and~Applications},
  volume =	 166,
}






@Comment @book{ Bog07,
@Comment 	author	  = "V. I. Bogachev",
@Comment 	title	  = "Measure Theory",
@Comment 	publisher = "Springer",
@Comment 	volume    = "I",
@Comment 	%number   = "",
@Comment 	%series   = "",
@Comment 	%address  = "",
@Comment 	edition   = "I",
@Comment         year      = "2007",
@Comment         %month    = "",
@Comment         %note     = ""
@Comment      }

@Comment @book{ Koł78,
@Comment 	author	  = "W. Kołodziej",
@Comment 	title	  = "Analiza matematyczna",
@Comment 	publisher = "Państwowe Wydawnictwo Naukowe",
@Comment 	%volume   = "",
@Comment 	%number   = "",
@Comment 	%series   = "",
@Comment 	%address  = "",
@Comment 	edition   = "II",
@Comment         year      = "1978",
@Comment         %month    = "",
@Comment         %note     = ""
@Comment      }




@Comment @book{ WW68,
@Comment 	author	  = {{E. T. Whittaker, G. N. Watson}},
@Comment 	title	  = "Kurs analizy współczesnej",
@Comment 	publisher = "Państwowe Wydawnictwo Naukowe",
@Comment 	volume    = "II",
@Comment 	%number   = "",
@Comment 	%series   = "",
@Comment 	%address  = "",
@Comment 	%edition  = "",
@Comment         year      = "1968",
@Comment         %month    = "",
@Comment         %note     = ""
@Comment       }


@Comment @book{ WW67,
@Comment 	author	  = {{E. T. Whittaker, G. N. Watson}},
@Comment 	title	  = "Kurs analizy współczesnej",
@Comment 	publisher = "Państwowe Wydawnictwo Naukowe",
@Comment 	volume    = "I",
@Comment 	%number   = "",
@Comment 	%series   = "",
@Comment 	%address  = "",
@Comment 	%edition  = "",
@Comment         year      = "1967",
@Comment         %month    = "",
@Comment         %note     = ""
@Comment       }


@Comment @book{ JLJ98,
@Comment 	author	  = {{J. Jost, X. Li-Jost}},
@Comment 	title	  = "Calculus of Variations",
@Comment 	publisher = "Cambridge University Press",
@Comment 	%volume   = "",
@Comment 	%number   = "",
@Comment 	%series   = "",
@Comment 	%address  = "",
@Comment 	%edition   = "",
@Comment         year      = "1998",
@Comment         %month    = "",
@Comment         %note     = ""
@Comment       }


@Comment @book{ HNW87,
@Comment 	author	  = {{E. Hairer, S. P. N\{o}rsett, G. Wanner}},
@Comment 	title	  = {{Solving Ordinary Differential Equtions I: Nonstiff Problems}},
@Comment 	publisher = {{Springer}},
@Comment 	%volume   = "",
@Comment 	%number   = "",
@Comment 	series    = {{Springer Series in Computational Mathematics}},
@Comment 	%address  = "",
@Comment 	edition  = "I",
@Comment         year      = "1987",
@Comment         %month    = "",
@Comment         %note     = ""
@Comment      }

@Comment @book{ Tes12,
@Comment 	author	  = "G. Teschl",
@Comment 	title	  = {{Ordinary Differential Equations and Dynamical Systems}},
@Comment 	publisher = {{American Mathematical Society}},
@Comment 	volume    = "140",
@Comment 	%number   = "",
@Comment 	series    = {{Graduate Studies in Mathematics}},
@Comment 	%address  = "",
@Comment 	%edition  = "",
@Comment         year      = "2012",
@Comment         %month    = "",
@Comment         %note     = ""
@Comment      }


@Comment Równania różniczkowe cząstkowe


@Comment @book{ Tay96,
@Comment 	author	  = "M. E. Taylor",
@Comment 	title	  = "Partial differential equations. Basic theory",
@Comment 	publisher = "Springer",
@Comment 	volume    = "I",
@Comment 	%number   = "",
@Comment 	%series   = "",
@Comment 	%address  = "",
@Comment 	%edition  = "",
@Comment         year      = "1996",
@Comment         %month    = "",
@Comment         %note     = ""
@Comment      }
