@Comment #############################################################
@Comment #############################################################
@Comment #############################################################
@Comment LITERARY STUDIES (ARTICLES)
@Comment #############################################################
@Comment #############################################################
@Comment #############################################################




@Comment #############################################################
@Comment #############################################################
@Comment MYTHLORE: A JOURNAL OF J.R.R. TOLKIEN, C.S. LEWIS,
@Comment CHARLES WILLIAMS, AND MYTHOPOEIC
@Comment #############################################################
@Comment #############################################################



@article{ BergvallAMythRetold1984,
  author =	 {Ake Bergvall},
  title =	 {A~Myth Retold: C.S. Lewis' \emph{Till We Have Faces}},
  journal =	 {Mythlore: A Journal of J.R.R. Tolkien, C.S. Lewis,
                  Charles Williams, and Mythopoeic},
  year =	 1984,
  volume =	 11,
  number =	 1,
  pages =	 {2--12},
}



@Comment @article{ DewanStThomasNormanKretzmann2006,
@Comment   author =	 {Lawrence Dewan, O.P.},
@Comment   title =	 {St.~Thomas, Norman Kretzmann, and Divine Freedom
@Comment 		  in~Creating},
@Comment   journal =	 {Nova et~Vetera, English Edition},
@Comment   year =	 2006,
@Comment   volume =	 4,
@Comment   number =	 3,
@Comment   pages =	 {495--514},
@Comment }



@Comment @article{ FarrowBackingBricksForBabel2010,
@Comment   author =	 {Douglas Farrow},
@Comment   title =	 {Baking Bricks~of Babel?},
@Comment   journal =	 {Nova et~Vetera, English Edition},
@Comment   year =	 2007,
@Comment   volume =	 8,
@Comment   number =	 4,
@Comment   pages =	 {745--762},
@Comment }



@Comment @article{ MansiniLonerganOnNaturalDesire2007,
@Comment   author =	 {Guy Mansini, O.S.B.},
@Comment   title =	 {Lonergan on~the~Natural Desire in~the~Light~of
@Comment 		  Feingold},
@Comment   journal =	 {Nova et~Vetera, English Edition},
@Comment   year =	 2007,
@Comment   volume =	 5,
@Comment   number =	 1,
@Comment   pages =	 {185--198},
@Comment }



@Comment @article{ MartinPostChristendomSacramentalCrisis2013,
@Comment   author =	 {Ralph Martin},
@Comment   title =	 {The~Post-Christendom Sacramental Crisis: The~Wisdom
@Comment                   of Thomas Aquinas},
@Comment   journal =	 {Nova et~Vetera, English Edition},
@Comment   year =	 2013,
@Comment   volume =	 11,
@Comment   number =	 1,
@Comment   pages =	 {57--75},
@Comment }



@Comment @article{ MorerodIdentityOfNovaEtVetera2011,
@Comment   author =	 {Charles Morerod, O.P.},
@Comment   title =	 {The~Identity~of \emph{Nova et~Vera}},
@Comment   journal =	 {Nova et~Vetera, English Edition},
@Comment   year =	 2011,
@Comment   volume =	 9,
@Comment   number =	 1,
@Comment   pages =	 {11--25},
@Comment }



@Comment @article{ WeigelRescuingGaudiumEtSpes2010,
@Comment   author =	 {George Weigel},
@Comment   title =	 {Resciung \emph{Gaudium et~Spes}: The~New Humanism~of
@Comment                   John Paul~II},
@Comment   journal =	 {Nova et~Vetera, English Edition},
@Comment   year =	 2010,
@Comment   volume =	 8,
@Comment   number =	 2,
@Comment   pages =	 {251--267},
@Comment }










@Comment @Comment #############################################################
@Comment @Comment #############################################################
@Comment @Comment #############################################################
@Comment @Comment HOLLY FAITH AND PHILOSOPHY, ARTICLE
@Comment @Comment #############################################################
@Comment @Comment #############################################################
@Comment @Comment #############################################################


@Comment @article{
@Comment PortierTwentiethCenturyCatholicTheologyAndTheTriumphOfMauriceBlondel,
@Comment   author =	 {William L. Portier},
@Comment   title =	 {Twentieth-Century Catholic Theology and The Triumph
@Comment                   of Maurice Blondel},
@Comment   journal =	 {{}},
@Comment   year =	 {{}},
@Comment   volume =	 {{}},
@Comment   number =	 {{}},
@Comment   pages =	 {{}},
@Comment }










@Comment @Comment #############################################################
@Comment @Comment #############################################################
@Comment @Comment #############################################################
@Comment @Comment PHILOSOPHY, ARTICLES
@Comment @Comment #############################################################
@Comment @Comment #############################################################
@Comment @Comment #############################################################




@Comment @Comment #############################################################
@Comment @Comment #############################################################
@Comment @Comment PHILOSOPHY IN XX CENTURY
@Comment @Comment #############################################################
@Comment @Comment #############################################################


@Comment @article{ TerczSzkicNaTematTeoriiKinaDeleuze,
@Comment   author =	 {Jakub Tercz},
@Comment   title =	 {Szkic na~temat teorii kina Gillesa Deleuzeâ€™a. Metoda
@Comment                   i~zarys struktury},
@Comment   journal =	 {{}},
@Comment   month =	 {{}},
@Comment   year =	 {{}},
@Comment   volume =	 {{}},
@Comment   number =	 {{}},
@Comment   pages =	 {{}},
@Comment   publisher =	 {{}},
@Comment   doi =		 {{}},
@Comment }










@Comment @Comment #############################################################
@Comment @Comment #############################################################
@Comment @Comment HISTORY OF PHILOSOPHY, ARTICLES
@Comment @Comment #############################################################
@Comment @Comment #############################################################



@Comment @Comment #############################################################
@Comment @Comment HISTORY OF PHILOSOPHY FROM 1900 TO 1950, ARTICLES
@Comment @Comment #############################################################


@Comment @article{ SkidelshyStrangeDeathOfBritishIdealism2007,
@Comment   author =	 {Edward Skidelsku},
@Comment   title =	 {The~Strange Death~of British Idealism},
@Comment   journal =	 {Philosophy and~Literature},
@Comment   month =	 {April},
@Comment   year =	 2007,
@Comment   volume =	 31,
@Comment   number =	 1,
@Comment   pages =	 {41-51},
@Comment   publisher =	 {Johns Hopkins University Press},
@Comment   doi =		 {10.1353/phl.2007.0017},
@Comment }
