@Comment #############################################################
@Comment #############################################################
@Comment #############################################################
@Comment LITERARY STUDIES BOOKS
@Comment #############################################################
@Comment #############################################################
@Comment #############################################################



@Comment #############################################################
@Comment #############################################################
@Comment LITERATURE
@Comment #############################################################
@Comment #############################################################


@book{ BurzynskaMarkowskiTeorieLiteraturyPodrecznik2009,
  author =	 {Burzyńska, Anna and Markowski, Michał Paweł},
  title =	 {Teorie literatury XX~wieku. Podręcznik},
  publisher =	 {Wydawnictwo Znak},
  address =	 {Kraków},
  year =	 2009,
  edition =	 {I, dodruk},
}



@book{ ChrzanowskiInterpretacjeWierszy2003,
  author =	 {Maciej Chrzanowski},
  title =	 {Interpretacje wierszy dla~klas licealnych},
  publisher =	 {Wydawnictwo SKRYPT},
  address =	 {Warszawa},
  year =	 2003,
  edition =	 {{}},
}



@book{ ChrzastowskaWysoluchPoetykaStosowana,
  author =	 {B. Chrząstowska, S. Wysołuch},
  title =	 {Poetyka stosowana},
  publisher =	 {Wydawnictwo Szkolne i~Pedagogiczne Spółka Akcyjna},
  address =	 {Warszawa},
  year =	 {2000?},
  edition =	 {I},
}



@book{ KubyHarryPotter2006,
  author =	 {Gabriele Kuby},
  title =	 {Harry Potter~-- dobry czy~zły?},
  publisher =	 {POLWEN~-- Polskie Wydawnictwo Encyklopedyczne},
  address =	 {Radom},
  year =	 2006,
  edition =	 {I},
}










@Comment #############################################################
@Comment ANALYSIS OF LITERATURE
@Comment #############################################################


@book{ BizanHertzGlosyDoBalladyny1970,
  author =	 {Marian Bizan and Paweł Hertz},
  title =	 {Glosy do „Balladyny”},
  publisher =	 {Państwowy Instytut Wydawniczy},
  address =	 {Warszawa},
  year =	 1970,
}



@book{ BizanHertzGlosyDoKordiana1972,
  author =	 {Marian Bizan and Paweł Hertz},
  title =	 {Glosy do „Kordiana”},
  publisher =	 {Państwowy Instytut Wydawniczy},
  address =	 {Warszawa},
  year =	 1972,
  edition =	 {II},
}



@book{ ChrzastowskaWysoluchWiadomosciZTeoriiLiteratury1974,
  author =	 {B. Chrząstowska, S. Wysołuch},
  title =	 {Wiadomości z teorii literatury w analizie
                  literackiej},
  publisher =	 {Wydawnictwo Szkolne i Pedagogiczne},
  year =	 1974,
  edition =	 {I},
}



@book{ DopartPoematProfetyczny2002,
  author =	 {Bogusław Dopart},
  title =	 {Poemat profetyczny. O~„Dziadach” drezdeńskich Adama
                  Mickiewicza},
  publisher =	 {Księgarnia Akademicka},
  address =	 {Kraków},
  year =	 2002,
  edition =	 {I},
}



@book{ GlowinskiEtAlZarysTeoriiLiteratury1991,
  author =	 {M. Głowiński, A. Okopień-Sławińska, J. Sławiński},
  title =	 {Zarys teorii literatury},
  publisher =	 {Wydawnictwa Szkolne i Pedagogiczne},
  year =	 1991,
  edition =	 {VI -- poprawione},
}



@book{ GrajewskaZagladaIGwiazdy2017,
  author =	 {Agnieszka Grajewska},
  title =	 {Zagłada i~gwiazdy. Przeszłość w~prozie Stanisława
                  Lema},
  publisher =	 {Wydawnictwo Naukowe~UAM},
  address =	 {Poznań},
  year =	 2017,
  edition =	 {I},
}



@book{ StochGenderNaLekcjachPolskiego2015,
  author =	 {Magdalena Stoch},
  title =	 {Gender na~lekcjach polskiego},
  publisher =	 {Wydawnictwo Edukacyjne},
  address =	 {Kraków},
  year =	 2015,
  edition =	 {I},
}










@Comment #############################################################
@Comment ESSAYS AND PUBLICISTICS ON LITERATURE
@Comment #############################################################


@book{ ParnickiSzkiceLiterackie1979,
  author =	 {Teodor Parnicki},
  title =	 {Szkice literackie},
  publisher =	 {Instytut Wydawniczy PAX},
  address =	 {Warszawa},
  year =	 1975,
  edition =	 {I},
}



@book{ TolkienPotworyIKrytycy2010,
  author =	 {John Roland Reuel Tolkien},
  title =	 {Potwory i~krytycy oraz inne eseje},
  publisher =	 {vis-{\`{a}}-vis/Etiuda},
  address =	 {Kraków},
  year =	 2010,
  note =	 {Przełożył z~angielskiego Robert Stiller},
}










@Comment #############################################################
@Comment POLISH LITERATURE
@Comment #############################################################


@book{ ArcydzielaLiteraturyPolskiejTomII1988,
  author =	 {Red. S. Grzeszczuka and A. Niewolak-Krzywda},
  title =	 {Arcydzieła literatury polskiej},
  publisher =	 {Krajowa Agencja Wydawnicza},
  address =	 {Rzeszów},
  year =	 1988,
  volume =	 {II},
}



@book{ GlowinskiStyleOdbioru1977,
  author =	 {M. Głowiński},
  title =	 {Style odbioru},
  publisher =	 {Wydawnictwa Literackie},
  year =	 1977,
  edition =	 {I},
}



@book{ KaniewskaEtAlLiteraturaPolskaXXWieku2005,
  author =	 {B. Kaniewska, A. Legeżyńska, P. Śliwiński},
  title =	 {Literatura polska XX wieku},
  publisher =	 {Wydawnictwo Poznańskie},
  address =	 {Poznań},
  year =	 2005,
}



@book{ SokolowskiKrolDuchSlowackiego2004,
  author =	 {Mikołaj Sokołowski},
  title =	 {„Król Duch” Juliusza Słowackiego a~epopeja
                  słowiańska},
  publisher =	 {Instytut Badań Literackich PAN},
  address =	 {Warszawa},
  year =	 2004,
  edition =	 {I},
}










@Comment #############################################################
@Comment ROMANTIC LITERATURE
@Comment #############################################################


@book{ KowalczykowaSlowacki1999,
  author =	 {A. Kowalczykowa},
  title =	 {Słowacki},
  publisher =	 {Wydawnictwo Naukowe PWN},
  year =	 1999,
  edition =	 {II -- uzupełnione},
}



@book{ SztrucFaustGoethego1995,
  author =	 {W. Sztruc},
  title =	 {Faust Goethego. Ku antropologii romantycznej},
  publisher =	 {Kraków},
  year =	 1995,
  edition =	 {I},
}



@book{ RedZmigrodzkaProblemyPolskiegoRomantyzmuSeriaDruga1974,
  author =	 {Red. M. Żmigrodzka},
  title =	 {Problemy polskiego romantyzmu. Seria druga},
  publisher =	 {Wydawnictwo Polskiej Akademii Nauk},
  year =	 1974,
}



@book{ RedZmigrodzkaProblemyPolskiegoRomantyzmuSeriuTrzecia1981,
  author =	 {Red. M. Żmigrodzka},
  title =	 {Problemy polskiego romantyzmu. Seria trzecia},
  publisher =	 {Wydawnictwo Polskiej Akademii Nauk},
  year =	 1981,
  edition =	 {I},
}










@Comment #############################################################
@Comment #############################################################
@Comment LITERATURE STUDIES SYNTHESIS
@Comment #############################################################
@Comment #############################################################


@book{ LewisOdrzuconyObraz2008,
  author =	 {C.S. Lewis},
  title =	 {Odrzucony obraz. Wprowadzenie do~literatury
                  średniowiecznej i~renesansowej},
  publisher =	 {Wydawnictwo ZNAK},
  address =	 {Kraków},
  year =	 2008,
  edition =	 {II},
  note =	 {Tłum. Witold Ostrowski},
}










@Comment #############################################################
@Comment #############################################################
@Comment WRITERS
@Comment #############################################################
@Comment #############################################################


@book{ RogalskiTomaszMann1975,
  author =	 {Aleksander Rogalski},
  title =	 {Tomasz Mann. Dzieje rozwoju osobowości twórczej},
  publisher =	 {Instytut Wydawniczy PAX},
  address =	 {Warszawa},
  year =	 1975,
  edition =	 {I},
}



@book{ WinsnesSigridUndset1959,
  author =	 {A. H. Winsnes},
  title =	 {Sigrid Undset},
  publisher =	 {Instytut Wydawniczy PAX},
  year =	 1959,
  edition =	 {I},
}
