@Comment #############################################################
@Comment #############################################################
@Comment #############################################################
@Comment #############################################################
@Comment DEUS ET LITTERAE
@Comment #############################################################
@Comment #############################################################
@Comment #############################################################
@Comment #############################################################


@Comment #############################################################
@Comment #############################################################
@Comment ROMAN BRANDSTAETTER
@Comment #############################################################
@Comment #############################################################


@Comment #############################################################
@Comment ROMAN BRANDSTAETTER, NOVELS
@Comment #############################################################


@book{ BrandstaetterJezusZNazarethuVolI1982,
  author =	 {Roman Brandstaetter},
  title =	 {Jezus z~Nazarethu},
  publisher =	 {Instytut Wydawniczy PAX},
  year =	 1982,
  edition =	 {VI},
  volume =	 {I},
}



@book{ BrandstaetterKsiegaModlitw2010,
  author =	 {Roman Brandstaetter},
  title =	 {Księga modlitw},
  publisher =	 {Wydawnictwo M},
  address =	 {Kraków},
  year =	 2010,
  series =	 {Roman Brandstaetter, dzieła zebrane}
}










@Comment #############################################################
@Comment ROMAN BRANDSTAETTER, SHORT STORIES
@Comment #############################################################


@book{ BrandstaetterPatriarchowie1986,
  author =	 {Roman Brandstaetter},
  title =	 {Patriarchowie},
  publisher =	 {Instytut Wydawniczy PAX},
  year =	 1986,
  edition =	 {I},
}










@Comment #############################################################
@Comment #############################################################
@Comment #############################################################
@Comment ANECDOTES
@Comment #############################################################
@Comment #############################################################
@Comment #############################################################


@book{ MakaAnegdotyZMesy1987,
  author =	 {Henryk Mąka},
  title =	 {Anegdoty z mesy},
  publisher =	 {Krajowa Agencja Wydawnicza},
  address =	 {Szczecin},
  year =	 1987,
}










@Comment #############################################################
@Comment #############################################################
@Comment #############################################################
@Comment COMICS
@Comment #############################################################
@Comment #############################################################
@Comment #############################################################


@book{ ChmielewskiTytusRomekIATomekKsiegaXXI1996,
  author =	 {Henryk Jerzy Chmielewski},
  title =	 {Tytus Romek i~A'Tomek. Księga VI},
  publisher =	 {Prószyński i~S-ka},
  address =	 {Warszawa},
  year =	 1996,
  edition =	 {IV},
}



@book{ ChmielewskiTytusRomekIATomekKsiegaXXI1994,
  author =	 {Henryk Jerzy Chmielewski},
  title =	 {Tytus Romek i~A'Tomek. Księga XXI},
  publisher =	 {Prószyński i~S-ka},
  address =	 {Warszawa},
  year =	 1994,
  edition =	 {I},
}



@book{ ChmielewskiZlotaKsiegaPrzygod2002,
  author =	 {Henryk Jerzy Chmielewski},
  title =	 {Tytus Romek i~A'Tomek. Złota księga przygód},
  publisher =	 {Prószyński i~S-ka},
  address =	 {Warszawa},
  year =	 2002,
  edition =	 {I},
}



@book{ MorrisonEtAlSupermanTomI2013,
  author =	 {Grant Morrison and Rags Morales and Andy Kubert},
  title =	 {Superman. Tom~1: Superman i~ludzie ze stali},
  publisher =	 {Egmont Polska Sp.~z~o.o.},
  address =	 {Warszawa},
  year =	 2013,
  edition =	 {I},
}



@book{ SakaiUsagiYojimboSagaKsiegaI2019,
  author =	 {Stan Sakai},
  title =	 {Usagi Yojimbo. Saga. Księga~I},
  publisher =	 {Egmont Polska Sp.~z~o.o.},
  address =	 {Warszawa},
  year =	 2019,
}


@book{ SledzinskiNaSzybkoSpisaneOd1980Do1990Wyd2007,
  author =	 {Michał „Śledziu” Śledziński},
  title =	 {Na szybko spisane. 1980--1990},
  publisher =	 {kultura gniewu},
  address =	 {Warszawa},
  year =	 2007,
  edition =	 {I},
}










@Comment #############################################################
@Comment #############################################################
@Comment GRAPHICAL NOVELS
@Comment #############################################################
@Comment #############################################################


@book{ PrattCoroMalteseBalladaOSlonymMorzu2004,
  author =	 {Hugo Pratt},
  title =	 {Corto Maltese. Ballada o~słonym morzu},
  publisher =	 {Wydawnictwo POST},
  address =	 {Kraków},
  year =	 2004,
  edition =	 {I},
  note =	 {Tłumaczenie z~języka włoskiego: Monika Gurgul.
                  Opracownie graficzne i~liternictwo: Joanna
                  Holeksa-Szłapa}
}










@Comment #############################################################
@Comment #############################################################
@Comment WILL EINSER'S WORK
@Comment #############################################################
@Comment #############################################################


@book{ EisnerSpirit2009,
  author =	 {Will Eisner},
  title =	 {Spirit. Najlepsze opowieści},
  publisher =	 {Egmont Polska},
  address =	 {Warszawa},
  year =	 2009,
  edition =	 {I},
}










@Comment #############################################################
@Comment #############################################################
@Comment WILL EINSER's GRAPHICAL NOVELS
@Comment #############################################################
@Comment #############################################################


@book{ EisnerUmowaZBogiem2007,
  author =	 {Will Eisner},
  title =	 {Trylogia Umowa z~Bogiem. Życie na~Dropsie Avenue},
  publisher =	 {Egmont Polska},
  address =	 {Warszawa},
  year =	 2007,
  edition =	 {I},
  note =	 {Tłum. Jacek Drewnowski},
}



@book{ EisnerNowyYork2008,
  author =	 {Will Eisner},
  title =	 {Nowy York. Życie w~wielki mieście},
  publisher =	 {Egmont Polska},
  address =	 {Warszawa},
  year =	 2008,
  edition =	 {I},
}



@book{ EisnerZycieWObrazkach2009,
  author =	 {Will Eisner},
  title =	 {Życie w~obrazkach. Opowieści autobiograficzne},
  publisher =	 {Egmont Polska},
  address =	 {Warszawa},
  year =	 2009,
  edition =	 {I},
}










@Comment #############################################################
@Comment #############################################################
@Comment #############################################################
@Comment POETRY
@Comment #############################################################
@Comment #############################################################
@Comment #############################################################


@Comment #############################################################
@Comment #############################################################
@Comment POETRY IN ORIGINAL LANGUAGES
@Comment #############################################################
@Comment #############################################################


@book{ BrandstaetterWierszeIPoematy2003,
  author =	 {Roman Brandstaetter},
  title =	 {Wiersze i~poematy},
  publisher =	 {Wydawnictwo M},
  address =	 {Kraków},
  year =	 2003,
  series =	 {Roman Brandstaetter, dzieła zebrane}
}



@book{ IwaszkiewiczWierszeTomI1977,
  author =	 {Jarosław Iwaszkiewicz},
  title =	 {Wiersze},
  publisher =	 {Czytelnik},
  address =	 {Warszawa},
  year =	 1977,
  edition =	 {I},
  volume =	 {I},
}



@book{ LechonPoezje1973,
  author =	 {Jan Lechoń},
  title =	 {Poezje},
  publisher =	 {Państwowy Instytut Wydawniczy},
  address =	 {Warszawa},
  year =	 1973,
  edition =	 {II},
}



@book{ RymkiewiczCichoCiszej2003,
  author =	 {Jarosław Marek Rymkiewicz},
  title =	 {Cicho ciszej. Wybrane wiersze z~lat 1963--2002},
  publisher =	 {Sic!},
  address =	 {Warszawa},
  year =	 2003,
  edition =	 {I},
}










@Comment #############################################################
@Comment #############################################################
@Comment POETRY IN TRANSLATION
@Comment #############################################################
@Comment #############################################################


@book{ BaranczakAntologiaAngielskiejPozejiMetafizycznej1982,
  author =	 {Stanisław Barańczak},
  title =	 {Antologia angielskiej poezji metafizycznej XVII
                  stulecia},
  publisher =	 {Państwowy Instytytu Wydawniczy},
  address =	 {Warszawa},
  year =	 1982,
  edition =	 {I},
}










@Comment #############################################################
@Comment #############################################################
@Comment #############################################################
@Comment SHORT STORIES
@Comment #############################################################
@Comment #############################################################
@Comment #############################################################


@book{ LemDziennikiGwiazdowe1982,
  author =	 {Stanisław Lem},
  title =	 {Dzienniki gwiazdowe. Wydanie rozszerzone},
  publisher =	 {Wydawnictwo Literackie},
  address =	 {Kraków},
  year =	 1982,
  edition =	 {I~rozszerzone},
}



@book{ WildsteinPrzyszloscZOgraniczonaOdpowiedzialnoscia2010,
  author =	 {Bronisław Wildstein},
  title =	 {Przyszłość z~ograniczoną odpowiedzialnością},
  publisher =	 {Wydawnictwo~M},
  address =	 {Kraków},
  year =	 2010,
  edition =	 {II},
}










@Comment #############################################################
@Comment #############################################################
@Comment #############################################################
@Comment NOVELS
@Comment #############################################################
@Comment #############################################################
@Comment #############################################################



@Comment #############################################################
@Comment #############################################################
@Comment XX CENTURY NOVELS
@Comment IN TRANSLATIONS
@Comment #############################################################
@Comment #############################################################


@book{ ChestertonCzlowiekKtoryBylCzwartkiem2008,
  author =	 {Gilbert Keith Chesterton},
  title =	 {Człowiek, który był czwartkiem},
  publisher =	 {FRONDA PL sp. z~o.o.},
  address =	 {Warszawa},
  year =	 2008,
  edition =	 {I},
}



@book{ EndoMilczenie1986,
  author =	 {Shusaku Endo},
  title =	 {Milczenie},
  publisher =	 {Instytut Wydawniczy PAX},
  address =	 {Warszawa},
  year =	 1986,
  edition =	 {II},
}



@book{ LewisDopokiMamyTwarze2010,
  author =	 {C.S. Lewis},
  title =	 {Dopóki mamy twarze. Mit opowiedziany na nowo},
  publisher =	 {Esprit SC},
  address =	 {Kraków},
  year =	 2010,
  edition =	 {I w tej edycji},
  note =	 {Tłum. Albert Gorzkowski},
}



@book{ MannDoktorFaustus2002,
  author =	 {Tomasz Mann},
  title =	 {Doktor Faustus. Żywot niemieckiego kompozytora
                  Adriana Leverk{\"{u}}hna opowiedziany przez jego
                  przyjaciela},
  publisher =	 {Porozumienie Wydawców},
  address =	 {Kraków},
  year =	 2002,
  edition =	 {I},
}



@book{ TolkienHobbit1997,
  author =	 {John Ronald Reuel Tolkien},
  title =	 {Hobbit, czyli tam i~z~powrotem},
  publisher =	 {Iskry},
  address =	 {Warszawa},
  year =	 {1997?},
  edition =	 {XI},
}










@Comment #############################################################
@Comment #############################################################
@Comment XX CENTURY NOVELS
@Comment IN ORIGINAL LANGUAGES
@Comment #############################################################
@Comment #############################################################


@Comment #############################################################
@Comment TEODOR PARNICKI
@Comment #############################################################


@book{ ParnickiKolaNaPiasku1989,
  author =	 {Teodor Parnicki},
  title =	 {Koła na piasku. Powieść z~roku~160 przed narodzeniem
                  Chrystusa},
  publisher =	 {Instytut Wydawniczy PAX},
  address =	 {Warszawa},
  year =	 1989,
  edition =	 {II},
}










@Comment #############################################################
@Comment #############################################################
@Comment XXI CENTURY NOVELS
@Comment IN ORIGINAL LANGUAGES
@Comment #############################################################
@Comment #############################################################


@book{ DukajWroniec2009,
  author =	 {Jacek Dukaj},
  title =	 {Wroniec},
  publisher =	 {Wydawnictwo Literackie Sp. z~o.o.},
  address =	 {Kraków},
  year =	 2009,
  edition =	 {I},
}












@Comment #############################################################
@Comment #############################################################
@Comment #############################################################
@Comment DRAMA
@Comment #############################################################
@Comment #############################################################
@Comment #############################################################



@Comment #############################################################
@Comment WILLIAM SHAKESPEARE
@Comment #############################################################


@book{ ShakespeareWesoleKumoszkiZWindsoru1998,
  author =	 {William Shakespeare},
  title =	 {Wesołe kumoszki z~Windsoru},
  publisher =	 {Wydawnictwo ZNAK},
  address =	 {Kraków},
  year =	 1998,
  edition =	 {I},
}



@book{ ShakespeareBurza1999,
  author =	 {William Shakespeare},
  title =	 {Burza},
  publisher =	 {Wydawnictwo ZNAK},
  address =	 {Kraków},
  year =	 1999,
  edition =	 {I},
}







@Comment #############################################################
@Comment #############################################################
@Comment #############################################################
@Comment COLLECTIONS OF APHORISM
@Comment #############################################################
@Comment #############################################################
@Comment #############################################################


@book{ MickiewiczMysliZdaniaIUwagi2000,
  author =	 {Adam Mickiewicz},
  title =	 {Myśli, zdania i~uwagi},
  publisher =	 {Prószyński i~S-ka},
  address =	 {Warszawa},
  year =	 2000,
  edition =	 {I},
}










@Comment #############################################################
@Comment #############################################################
@Comment SHAMELESS PROPAGANDA
@Comment #############################################################
@Comment #############################################################


@book{ MickiewiczKsiegaNaroduPolskieg2004,
  author =	 {Adam Mickiewicz},
  title =	 {Księgi narodu polskiego i~pielgrzymstwa polskiego},
  publisher =	 {Zakład Narodowy im.~Ossolińskich},
  address =	 {Wrocław},
  year =	 2004,
  edition =	 {{}},
}







@Comment #############################################################
@Comment #############################################################
@Comment INTERPRETATION AND ANALYSIS OF LITERATURE
@Comment #############################################################
@Comment #############################################################



@Comment #############################################################
@Comment #############################################################
@Comment INTERPRETATION AND ANALYSIS OF POETRY
@Comment #############################################################
@Comment #############################################################


@book{ PoezjeBoleslawaLesmianaInterpretacje2000,
  author =	 {Red. Barbara Stelmaszczyk and Tomasz Cieślak},
  title =	 {Poezje Bolesława Leśmiana. Interpretacje},
  publisher =	 {Universitas},
  address =	 {Kraków},
  year =	 2000,
  edition =	 {I},
}














@book{ StochGenderNaLekcjachPolskiego15,
  author =	 "Magdalena Stoch",
  title =	 {{Gender na~lekcjach polskiego}},
  publisher =	 "Wydawnictwo Edukacyjne",
  address =	 "Kraków",
  year =	 2015,
  edition =	 {{I}},
}

@book{ SzczeklikKatharsis09,
  author =	 {{Andrzej Szczeklik}},
  title =	 {{Katharsis. O~uzdrowicielskiej mocy natury i~sztuki}},
  publisher =	 {{Wydawnictwo Znak}},
  address =	 {{Kraków}},
  year =	 2009,
  edition =	 {{II, dodruk}},
}


@book{ EricsonOligarchowie14,
  author =	 "Claes Ericson",
  title =	 {{Oligarchowie. Pieniądze i~władza w~kapitalistycznej
		  Rosji}},
  publisher =	 "Warszawskie Wydawnictwo Literackie MUZA SA",
  address =	 "Warszawa",
  year =	 2014,
  edition =	 {{I}},
  note =	 {{Tłum. Hanna Jankowska}}
}

@book{ GolicynNoweKlamstwa,
  author =	 "A. Golicyn",
  title =	 {{Nowe kłamstwa w~miejsce starych}},
  publisher =	 {{Wydawnictwa Antyk --~Marcin Dybowski}},
  year =	 {{}},
  address =	 "Komorów",
  edition =	 {{II}},
  series =	 "Psychosocjotechnika, manipulacja",
}

@book{ HohlerMatkaChrzestna13,
  author =	 {{G. H\"{o}hler}},
  title =	 {{Matka chrzestna. Jak Angela Merkel przebudowuje
		  Niemcy}},
  publisher =	 {{Zysk i~S\dywiz ka}},
  address =	 {{Poznań}},
  year =	 {{2013?}},
  edition =	 {{I}},
}

@book{ McGrathBogDawkinsa08,
  author =	 "Alister McGrath",
  title =	 {{Bóg Dawkinsa. Geny, memy i~sens życia}},
  publisher =	 {{Wydawnictwo Uniwersytetu Jagiellońskiego}},
  address =	 {{Kraków}},
  year =	 2008,
  edition =	 {{I}},
  series =	 "Edios",
}

@book{ EMichaelJonesLibidoDominandi13,
  author =	 "E. Michael Jones",
  title =	 {{Libido dominandi. Seks jako narzędzie kontroli
                  społecznej}},
  address =	 {{Wrocław}},
  publisher =	 {{Wektory}},
  year =	 2013,
  edition =	 {{I}},
  note =	 {{Tłum. Jerzy Morka}},
}

@book{ EMichaelJonesZdeprawowaniModernisci14,
  author =	 "Eugen Michael Jones",
  title =	 {{Zdeprawowani moderniści. Nowoczesność jako
		  usprawiedliwienie seksualnej amoralności}},
  publisher =	 {{Wektory}},
  year =	 2014,
  address =	 {{Wrocław}},
  edition =	 {{I}},
}

@book{ EMichaelJonesJalowyPieniadzvI15a,
  author =	 "Eugen Michael Jones",
  title =	 {{Jałowy pieniądz. Historia kapitalizmu jako
		  konfliktu między pracą a~lichwą. Tom~I:
		  Od~Medyceuszy do Newtona}},
  publisher =	 {{Wektory}},
  address =	 {{Wrocław}},
  year =	 2015,
  edition =	 {{I}},
}

@book{ KsNeuhausProrokZNowegoYorku10,
  author =	 "Ks. R. J. Neuhaus",
  title =	 {{Prorok z~Nowego Yorku. Wybór publicystyki
		  i~wywiadów}},
  publisher =	 {{FRONDA PL Sp. z o.o.}},
  address =	 "Warszawa",
  edition =	 {{I}},
  year =	 2010,
}

@book{ RogalskiTomaszMann75,
  author =	 "Aleksander Rogalski",
  title =	 {{Tomasz Mann. Dzieje rozwoju osobowości twórczej}},
  publisher =	 {{Instytut Wydawniczy PAX}},
  address =	 "Warszawa",
  edition =	 {{I}},
  year =	 1975,
}

@Comment @book{ ThornHillaryIBillClintonowieTomI16,
@Comment   author =	 "Victor Thorn",
@Comment   title =	 {{Tomasz Mann. Dzieje rozwoju osobowości twórczej}},
@Comment   publisher =	 {{Instytut Wydawniczy PAX}},
@Comment   address =	 "Warszawa",
@Comment   edition =	 {{I}},
@Comment   year =	 1975,
@Comment }





@Comment ##############################################################
@Comment ##############################################################
KULTURA GRIER VIDEO
@Comment ##############################################################
@Comment ##############################################################


@book{ KubinskiGryWideo16,
  author =	 "Piotr Kubiński",
  title =	 {{Gry wideo. Zarys poetyki}},
  publisher =	 {{Wydawnictwo UNIVERSITAS}},
  address =	 "Kraków",
  edition =	 {{I}},
  year =	 2016,
}





@Comment #############################################################
@Comment #############################################################
KINO
@Comment #############################################################
@Comment #############################################################


@book{ DeleuzeKino08,
  author =	 "Gilles Deleuze",
  title =	 {{Kino. 1. Obraz\dywiz{}ruch. 2. Obraz\dywiz{}czas}},
  publisher =	 {{słowo/obraz terytoria}},
  address =	 {{Gdańsk}},
  year =	 2008,
  edition =	 {{I}},
  series =	 {{Klasyka Światowej Humanistyki}},
}

@book{ GwozdzEuropejskieManifestyKina02,
  author =	 "Wyb.~Andrzej Gwóźdź",
  title =	 {{Europejskie manifesty kina. Od~Matuszewskiego
		  do~Dogmy. Antologia}},
  publisher =	 {{Wiedza Powszechna}},
  series =	 "Klasyka Światowej Humanistyki",
  address =	 "Warszawa",
  edition =	 {{I}},
  year =	 2002,
}

@book{ KletowskiKinoDalekiegoWschodu09,
  author =	 "Piotr Kletowski",
  title =	 {{Kino Dalekiego Wschodu}},
  publisher =	 {{Wydawnictwo Krytyki Politycznej}},
  address =	 {{Warszawa}},
  year =	 2009,
  edition =	 {{I}},
}

@book{ KletowskiSfilomowacDusze,
  author =	 "Piotr Kletowski",
  title =	 {{Sfilmować duszę. Mała historia kina japońskiego}},
  publisher =	 {{Centrum Sztuki i~Techniki Japońskiej manggha}},
  address =	 {{Kraków}},
  year =	 {{}},
  edition =	 {{I}},
}

@book{ RedKletowskiEuropejskieKinoGatunkow16,
  author =	 "Red. Piotr Kletowski",
  title =	 {{Europejskie Kino Gatunków}},
  publisher =	 {{Wydawnictwo Uniwersytetu Jagiellońskiego}},
  address =	 {{Kraków}},
  year =	 2016,
  edition =	 {{I}},
}

@book{ KornackiPopiolIDiament11,
  author =	 "Krzysztof Kornacki",
  title =	 {{Popiół i~diament Andrzeja Wajdy}},
  publisher =	 {{słowo/obraz terytoria}},
  address =	 "Gdański",
  edition =	 {{I}},
  year =	 2011,
}

@book{ KrolikiewiczGoraStoi95,
  author =	 "Grzegorz Królikiewicz",
  title =	 {{Góra stoi! Próba analizy filmu Akiry Kurosawy
		  ,,Sobowtór''}},
  publisher =	 {{Studio Filmowe~N}},
  address =	 "Łódź",
  year =	 1995,
  edition =	 {{I}},
}

@book{ LoskaHitchcockAutorWsrodGatunkow02,
  author =	 "Krzysztof Loska",
  title =	 {{Hitchcock --~autor wśród gatunków}},
  publisher =	 {{Rabid}},
  address =	 "Kraków",
  year =	 2002,
  edition =	 {{I}},
}

@book{ SzczepanskiZwierciadloBergmana07,
  author =	 "Tadeusz Szczepański",
  title =	 {{Zwierciadło Bergmana}},
  publisher =	 "słowo/obraz terytoria",
  address =	 "Gdańsk",
  year =	 2007,
  edition =	 {{III, poprawione i~uzupełnione}},
}




@Comment ##############################################################
@Comment ##############################################################
MITOLOGIE
@Comment ##############################################################
@Comment ##############################################################


@book{ KunstlerMitologiaChinska81,
  author =	 "Mieczysław J. K\"{u}nstler",
  title =	 {{Mitologia chińska}},
  publisher =	 {{Wydawnictwa Artystyczne i~Filmowe}},
  address =	 "Warszawa",
  year =	 1981,
  edition =	 {{II}},
  series =	 "Mitologie świata",
}
@Comment Popraw numer wydania

@book{ LyczkowskaSzarzynskaMitologiaMezopotamii81,
  author =	 "Krystyna Łyczkowska and Krystyna Szarzyńska",
  title =	 {{Mitologia Mezopotamii}},
  publisher =	 {{Wydawnictwa Artystyczne i~Filmowe}},
  address =	 "Warszawa",
  year =	 1981,
  edition =	 {{I}},
  series =	 {{Mitologie świata}},
}

@book{ PiekarczykMitologiaGermanska79,
  author =	 "Stanisława Piekarczyk",
  title =	 {{Mitologia Germańska}},
  publisher =	 {{Wydawnictwa Artystyczne i~Filmowe}},
  address =	 {{Warszawa}},
  edition =	 {{I}},
  year =	 1979,
}

@book{ PietrzykowskiMitologiaStarozytnejGrecji85,
  author =	 "Michał Pietrzykowski",
  title =	 {{Mitologia starożytnej Grecji}},
  publisher =	 {{Wydawnictwa Artystyczne i~Filmowe}},
  address =	 "Warszawa",
  year =	 1985,
  edition =	 {{IV}},
  series =	 "Mitologie świata",
}

@book{ TubielewiczMitologiaJaponii80,
  author =	 "Jolanta Tubielewicz",
  title =	 {{Mitologia Japonii}},
  publisher =	 {{Wydawnictwa Artystyczne i~Filmowe}},
  address =	 "Warszawa",
  year =	 1980,
  edition =	 {{II}},
  series =	 "Mitologie świata",
}





@Comment #############################################################
@Comment ##############################################################
HISTORIA
@Comment ##############################################################
@Comment #############################################################


@Comment ###############################
SYNTEZY HISTORYCZNE
@Comment ###############################







@Comment ###############################
DZIEJE LAT 1789-1914
@Comment ###############################


@book{ McPhersonBattleCryOfFreedom16,
  author =	 "James M.~McPherson",
  title =	 {{Battle Cry Of~Freedom. Historia Wojny Secesyjnej}},
  publisher =	 {{Napolen~V}},
  address =	 {{Oświęcim}},
  edition =	 {{I}},
  year =	 2016,
}

@book{ ZarembaUzbrojonaDemokracja12,
  author =	 "Piotr Zaremba",
  title =	 {{Uzbrojona demokracja. Theodore Roosevelt i~jego
                  Ameryka}},
  publisher =	 {{Neriton}},
  address =	 {{Oświęcim}},
  edition =	 {{I}},
  year =	 2012,
  series =	 {{Dzieje polityczne Stanów Zjednoczonych od~roku
                  1900}},
  volume =	 {{I}},
}











@article{ FredenhagenRejzner12,
  author =	 "K. Fredenhagen and K. Rejzner",
  title =	 {{Perturbative algebraic quantum field theory}},
  year =	 2012,
  archivePrefix ="arXiv",
  eprint =	 "1208.1428v2",
  primaryClass = "hep-th",
  journal =	 {{}},
}

@article{ Herdegen01,
  author =	 "Andrzej Herdegen",
  title =	 {{No-nonsens Casimir force}},
  year =	 2001,
  journal =	 {{Acta Phys.Polon.}},
  volume =	 "B32",
  pages =	 "55--65",
  archivePrefix ="arXiv",
  eprint =	 "0008.207v2",
  primaryClass = "hep-th",
}

@article{ Herdegen06,
  author =	 "Andrzej Herdegen",
  year =	 2006,
  title =	 {{Quantum backreaction (Casimir) effect II. Scalar
		  and electromagnetic fields}},
  journal =	 "Ann. H. Poincare",
  volume =	 7,
  pages =	 {{253--301}},
  archivePrefix ="arXiv",
  eprint =	 "0507.023v1",
  primaryClass = "hep-th",
}

@article{ Keller10,
  author =	 {{K. J. Keller}},
  title =	 {{Dimensional Regularization in Position Space
		  and~a~Forest Formula for Regularized Epstein-Glaser
		  Renormalization}},
  year =	 {{2010}},
  journal =	 {{}},
  archivePrefix ={{arXiv}},
  eprint =	 {{1006.2148v1}},
  primaryClass = {{math-th}},
  note =	 {{PhD thesis}},
}

@article{ Rejzner11,
  author =	 "Katarzyna Rejzner",
  title =	 {{Batalin-Vilkovisky formalism in~locally covariant
		  field theory}},
  journal =	 {{}},
  archivePrefix ={{arXiv}},
  eprint =	 {{1111.5130v2}},
  primaryClass = {{math-th}},
    year =	 {{2011}},
  note =	 {{PhD thesis}},
}





@Comment ###############################
INNE. NIEUPORZĄDKOWANE.
@Comment ###############################


@article{ Chan01,
  author =	 {{H. B. Chan and V. A. Aksyuk and R. N. Kleiman and
		  D. J. Bishop and Federico Capasso}},
  title =	 {{Quantum Mechanical Actuation of
		  Microelectromechanical Systems by the Casimir
		  Force}},
  year =	 2001,
  journal =	 "Science",
  volume =	 297,
  pages =	 1941
}

@article{ Kus12,
  author =	 "P. Kusek",
  year =	 2012,
  title =	 {{Transformacje Bogolubowa w układach kwantowych}},
  journal =	 {{}},
  volume =	 {{}},
  pages =	 {{}},
}

@article{ SWM98,
  author =	 {{F. Michael Serry and Dirk Walliser and G. Jordan
		  Maclay}},
  title =	 {{The role of the casimir effect in the static
		  deflection and stiction of membrane strips in
		  microelectromechanical systems (MEMS)}},
  year =	 1998,
  journal =	 "J. Appl. Phys.",
  volume =	 84,
  pages =	 2501
}

@article{ Sparnaay58,
  author =	 "M. J. Sparnaay",
  title =	 {{Measurements of attractive forces between flat
		  plates}},
  journal =	 "Physica",
  volume =	 24,
  pages =	 {{751--764}},
  year =	 1958,
}





@Comment ###############################
HISTORIA I FILOZOFIA NAUKI
@Comment ###############################


@article{ WalczakCzyMozliwaJest16,
  author =	 "Monika Walczak",
  title =	 {{Czy~możliwa jest wiedza interdyscyplinarna?}},
  journal =	 {{Zagadnienie naukoznawstwa. Kwartalnik}},
  volume =	 {{LII~zeszyt 1~(207)}},
  pages =	 {{113--126}},
  year =	 2016,
}



















@Comment #####################
EFEKT CASIMIRA
@Comment #####################

@article{Casimir:1948dh,
      author         = "Casimir, H. B. G.",
      title          = "{On the Attraction Between Two Perfectly Conducting
                        Plates}",
      journal        = "Indag. Math.",
      year           = "1948",
      volume         = "10",
      pages          = "261-263",
      note           = "[Kon. Ned. Akad. Wetensch. Proc.100N3-4,61(1997)]",
      SLACcitation   = "%%CITATION = IMTHB,10,261;%%"
}

@article{ HerdegenQuantumBackreationI05,
  author =	 "Andrzej Herdegen",
  title =	 {{Quantum backreaction (Casimir) effect~I. What are
                  admissible idealizations?}},
  journal =	 "Ann. Henri Poincare",
  year =	 2005,
  volume =	 6,
  pages =	 {{657--695}},
  doi =		 {https://doi.org/10.1007/s00023-005-0219-7},
  archivePrefix ="arXiv",
  eprint =	 "0412.132v1",
  primaryClass = "hep-th",
  SLACcitation = "%%CITATION = ARXIV:0412.132v1;%%"
}

@article{ HerdegenStopaGlobalVsLocal10,
  author =	 "Andrzej Herdegen and Mariusz Stopa",
  title =	 {{Global vs local Casimir effect}},
  journal =	 {{Ann. Henri Poincare}},
  year =	 2010,
  volume =	 11,
  pages =	 {{1171--1200}},
  doi =		 {https://doi.org/10.1007/s00023-010-0053-4},
  archivePrefix ="arXiv",
  eprint =	 "1007.2139v1",
  primaryClass = "hep-th",
  SLACcitation = "%%CITATION = ARXIV:1007.2139v1;%%"
}

@article{JancoviciSamajCasimirForce05,
  author =	 "B. Jancovici and L. Šamaj",
  title =	 {{Casimir force between two ideal-conductor walls
                  revisited}},
  journal =	 {EPL (Europhysics Letters)},
  year =	 2005,
  volume =	 72,
  number =	 1,
  pages =	 35,
  url =		 {http://stacks.iop.org/0295-5075/72/i=1/a=035},
}
