@Comment #############################################################
@Comment #############################################################
@Comment #############################################################
@Comment MATHEMATICS AND COMPUTER SCIENCE, ARTICLES
@Comment #############################################################
@Comment #############################################################
@Comment #############################################################



@Comment #############################################################
@Comment #############################################################
@Comment #############################################################
@Comment MATHEMATICS, ARTICLES
@Comment #############################################################
@Comment #############################################################
@Comment #############################################################



@Comment #############################################################
@Comment #############################################################
@Comment FOUNDATIONS OF MATHEMATICS, ARTICLES
@Comment #############################################################
@Comment #############################################################



@Comment #############################################################
@Comment UNIVALENCE FOUNDATIONS PROGRAM AND HOMOTOPY TYPE THEORY
@Comment ARTICLES
@Comment #############################################################


@article{ PelayoWarrenHoTTAndVoevodskysUnivalenceFoundations2012,
  author =	 {\'{A}lvaro Pelayo and Michael A. Warren},
  title =	 {Homotopy type theory and Voevodsky's univalent
                  foundations},
  journal =	 {{}},
  year =	 2012,
  archivePrefix ={arXiv},
  eprint =	 {1210.5658v1},
  primaryClass = {math.LO},
}



@article{ AwodeyPelayoWarrenVoevodskysUnivalenceAxiomInHoTT2013,
  author =	 {Steve Awodey and \'{A}lvaro Pelayo and Michael A. Warren},
  title =	 {Voevodsky's univalence axiom in homotopy type theory},
  journal =	 {{}},
  year =	 2013,
  archivePrefix ={arXiv},
  eprint =	 {1302.4731v1},
  primaryClass = {math.HO},
}



@article{ ShulmanHomotopyTypeTheory2016,
  author =	 {Michael Shulman},
  title =	 {Homotopy Type Theory: A~synthetic approach to higher
                  equalites},
  journal =	 {{}},
  year =	 2016,
  archivePrefix ={arXiv},
  eprint =	 {1601.05035v3},
  primaryClass = {math.LO},
}










@Comment #############################################################
@Comment #############################################################
@Comment FUNCTIONS ON REAL DOMAINS (SPECIAL FUNCTIONS), ARTICLES
@Comment #############################################################
@Comment #############################################################


@article{ PiyadasaArachchiExactFormulaSumBesselFunctions2008,
  author =	 {R. A. D. Piyadasa, D. K. Mallawa Arachchi},
  title =	 {Exact Formula for the~Sum~of The~Squares~of
                  the~Bessel Function and~the~Neumann Function~of
                  the~Same Order of Half-Odd Integer},
  journal =	 {J Sci. Univ. Kelaniya},
  year =	 2008,
  volume =	 4,
  pages =	 {15--20},
}










@Comment #############################################################
@Comment #############################################################
@Comment MEASURE THEORY, ARTICLES
@Comment #############################################################
@Comment #############################################################










@Comment #############################################################
@Comment #############################################################
@Comment PARTIAL DIFFERENTIAL EQUATIONS, ARTICLES
@Comment #############################################################
@Comment #############################################################


@article{ InciWellPosednessIncompressibleEulerEquation2013,
  author =	 {Hans Inci},
  title =	 {On~the~Well-posedness~of the~Incompressible Euler
                  Equation},
  journal =	 {{}},
  year =	 2013,
  archivePrefix ={arXiv},
  eprint =	 {1301.5597},
  primaryClass = {math.AP},
  note =	 {PhD thesis},
}










@Comment #############################################################
@Comment #############################################################
@Comment FUNCTIONAL ANALYSIS, ARTICLES
@Comment #############################################################
@Comment #############################################################


@article{ GowersMaureyUnconditionalBasicSequenceProblem1992,
  author =	 {W. T. Gowers and Bernard Maurey},
  title =	 {The~unconditional basic sequence problem},
  journal =	 {{}},
  year =	 1992,
  archivePrefix ={arXiv},
  eprint =	 {9205204v1},
  primaryClass = {math.FA},
}










@Comment #############################################################
@Comment #############################################################
@Comment THEORY OF OPERATORS, ARTICLES
@Comment #############################################################
@Comment #############################################################


@article{ WojtylakOnDeterminingDomaninOfAdjointOperator2011,
  author =	 {Michal Wojtylak},
  title =	 {On~determining the~domain~of the~adjoint operator},
  journal =	 {{}},
  year =	 2011,
  archivePrefix ={arXiv},
  eprint =	 {1102.4969v2},
  primaryClass = {math.FA},
}










@Comment #############################################################
@Comment #############################################################
@Comment DIFFERENTIAL GEOMETRY, ARTICLES
@Comment #############################################################
@Comment #############################################################


@article{ BiswasEtAlOnFormalityOfKahlerOrbiforldAndSasakian20014,
  author =	 {Indranil Biswas, Marisa Ferna{\'{a}}ndez, Vicente
                  Mu{\~{n}}oz, and Aleksy Tralle},
  title =	 {On~Formality~of K{\"{a}}hler Orbifolds and~Sasakian
                  Manifold},
  journal =	 {{}},
  year =	 2014,
  archivePrefix ={arXiv},
  eprint =	 {1402.6861},
  primaryClass = {math.DG},
}



@article{ HitchinModuliSpaceOfSpecialLagrangianSubmanifolds1997,
  author =	 {Nigel Hitchin},
  title =	 {The moduli space of special Lagrangian submanifolds},
  journal =	 {Annali Scuola Sup. Norm. Pisa Sci. Fis. Mat.},
  year =	 1997,
  volume =	 25,
  pages =	 {503--515},
  archivePrefix ={arXiv},
  eprint =	 {9711002v1},
  primaryClass = {math.DG},
}










@Comment #############################################################
@Comment DIFFERENTIALS FORM, ARTICLES
@Comment #############################################################


@article{ HarrsionStokesTheoremForNonsmoothChanins1993,
  author =	 {Jenny Harrison},
  title =	 {Stokes' theorem for nonsmooth chains},
  journal =	 {Bull. Amer. Math. Soc. (N. S.)},
  year =	 1993,
  volume =	 29,
  issue =	 2,
  pages =	 {235--242},
  archivePrefix ={arXiv},
  eprint =	 {9310231v1},
  primaryClass = {math.DG},
}










@Comment #############################################################
@Comment #############################################################
@Comment MINIMAL SURFACES, ARTICLES
@Comment #############################################################
@Comment #############################################################


@article{ MarquesNevesMinMaxWillmoreConjecture2014,
  author =	 {Marques, Fernando C. and Neves, Andr\acute{e}},
  title =	 {Min-Max theory and~the~Willmore conjecture},
  journal =	 {Annals~of Mathematics},
  year =	 2012,
  volume =	 179,
  issue =	 2,
  pages =	 {683--782},
  archivePrefix ={arXiv},
  eprint =	 {1202.6036v2},
  primaryClass = {math-DG},
}










@Comment #############################################################
@Comment #############################################################
@Comment DYNAMICAL SYSTEMS, ARTICLES
@Comment #############################################################
@Comment #############################################################


@article{ AvilaMoreiraBifurcationOfUnimodalMaps2003,
  author =	 {Artur Avila and Carlos Gustavo Moreira},
  title =	 {Bifurcation of Unimodal Maps},
  journal =	 {{}},
  year =	 2003,
  archivePrefix ={arXiv},
  eprint =	 {math/0306157},
  primaryClass = {math.DS},
}










@Comment #############################################################
@Comment #############################################################
@Comment ERGODIC THEORY, ARTICLES
@Comment #############################################################
@Comment #############################################################












@Comment #############################################################
@Comment #############################################################
@Comment NONCOMMUTATIVE GEOMETRY
@Comment #############################################################
@Comment #############################################################


@article{ ConnesShortSurveyOfNCG2000,
  author =	 {Alain Connes},
  title =	 {A~Short Survey~of Noncommutative Geometry},
  journal =	 {J. Math. Phys.},
  year =	 2000,
  volume =	 41,
  pages =	 {3832--3866},
  archivePrefix ={arXiv},
  eprint =	 {0003006v1},
  primaryClass = {hep-th},
}










@Comment #############################################################
@Comment #############################################################
@Comment PROGRAMS OF MATHEMATICAL INVESTIGATIONS, ARTICLES
@Comment #############################################################
@Comment #############################################################



@Comment #############################################################
@Comment ERLANGEN PROGRAM
@Comment #############################################################


@article{ KisilErlangenErlangenProgramAtLargeTwo2007,
  author =	 {Vladimir V. Kisil},
  title =	 {Erlangen Program at~Large~-- 2: Inventing a~wheel.
                  The~parabolic one},
  journal =	 {Trans. Inst. Math. of the NAS of Ukraine},
  year =	 2007,
  volume =	 7,
  issue =	 2,
  pages =	 {89--98},
  archivePrefix ={arXiv},
  eprint =	 {0707.4024v1},
  primaryClass = {math.GM},
}










@Comment #############################################################
@Comment #############################################################
@Comment HISTORY AND PHILOSOPHY OF MATHEMATICS
@Comment #############################################################
@Comment #############################################################


@article{ BorovikKatzCouchyWeierstrassTale2012,
  author =	 {Alexandre Borovik and Mikhail G. Katz},
  title =	 {Who Gave you the~Cauchy-Weierstrass Tale? The~Dual
                  History~of Rigorous Calculus},
  journal =	 {Foundations of Science},
  year =	 2012,
  volume =	 17,
  issue =	 3,
  pages =	 {245--276},
  doi =		 {10.1007/s10699-011-9235-x},
  archivePrefix ={arXiv},
  eprint =	 {1108.2885v3},
  primaryClass = {math.HO},
}



@article{ KutateladzieSobolevAndSchwartzTwoFatesAndTwoFames2008,
  author =	 {S.S. Kutateladze},
  title =	 {Sobolev and Schwartz: Two Fates and Two Fames},
  journal =	 {{}},
  year =	 2008,
  archivePrefix ={arXiv},
  eprint =	 {0802.0533v4},
  primaryClass = {math.HO},
}










@Comment #############################################################
@Comment #############################################################
@Comment #############################################################
@Comment MATHEMATICS AND COMPUTER SCIENCE, ARTICLES
@Comment #############################################################
@Comment #############################################################
@Comment #############################################################



@Comment #############################################################
@Comment #############################################################
@Comment INFORMATION THEORY, ARTICLES
@Comment #############################################################
@Comment #############################################################



@Comment #############################################################
@Comment ALGORITHMIC INFORMATION THEORY, ARTICLES
@Comment #############################################################


@article{ HutterAlgorithmicInformationTheoryABriefNonTechnialETC2007,
  author =	 {Marcus Hutter},
  title =	 {Algorithmic Information Theory: a~brief
                  non-technical guide to the field},
  journal =	 {{}},
  year =	 2007,
  archivePrefix ={arXiv},
  eprint =	 {cs/0703024},
  primaryClass = {cs.IT},
  doi =		 {https://doi.org/10.48550/arXiv.cs/0703024},
}










@Comment #############################################################
@Comment #############################################################
@Comment #############################################################
@Comment COMPUTER SCIENCE, ARTICLES
@Comment #############################################################
@Comment #############################################################
@Comment #############################################################



@Comment #############################################################
@Comment #############################################################
@Comment SCIENCE OF COMPUTING, ARTICLES
@Comment #############################################################
@Comment #############################################################



@Comment #############################################################
@Comment NUMERICAL METHODS, ARTICLES
@Comment #############################################################


@article{ MetropolisEtAlEquationOfStateCalculation1953,
  author =	 {Nicholas Metropolis, Arianna W. Rosenbluth and
                  Marshall N. Rosenbluth and August H. Teller and
                  Edward Telle},
  title =	 {Equation~of State Calculation by~Fast Computing
                  Machines},
  journal =	 {The~Journal~of Chemical Physics},
  year =	 2012,
  volume =	 21,
  pages =	 1087,
  doi =		 {10.1063/1.1699114},
}










@Comment #############################################################
@Comment #############################################################
@Comment ARTIFICIAL INTELLIGENCE, ARTICLES
@Comment #############################################################
@Comment #############################################################


@Comment #############################################################
@Comment MACHINE LEARNING, ARTICLES
@Comment #############################################################


@article{ PapernotEtAlPracticalBlackBoxAttacksML2017,
  author =	 {Papernot, Nicolas and McDaniel, Patrick and
		  Goodfellow, Ian and Jha, Somesh and Celik, Z.~Berkay
		  and Swami, Ananthram},
  title =	 {Practical Black-Box Attacks against Machine
		  Learning},
  journal =	 {{}},
  year =	 2017,
  archivePrefix ={arXiv},
  eprint =	 {1602.02697v4},
  primaryClass = {cs.CR},
}










@Comment #############################################################
@Comment HARD TO CLASSIFY
@Comment #############################################################
