@Comment #############################################################
@Comment #############################################################
@Comment #############################################################
@Comment MATHEMATICS
@Comment #############################################################
@Comment #############################################################
@Comment #############################################################



@Comment #############################################################
@Comment #############################################################
@Comment #############################################################
@Comment FOUNDATIONS OF MATHEMATICS
@Comment #############################################################
@Comment #############################################################
@Comment #############################################################



@Comment #############################################################
@Comment #############################################################
@Comment LOGICS
@Comment #############################################################
@Comment #############################################################


@book{ BremerWprowadzenieDoLogiki2004,
  author =	 {Józef W.~Bremer},
  title =	 {Wprowadzenie do~logiki},
  publisher =	 {Wydawnictwo WAM},
  address =	 {Kraków},
  year =	 2004,
  edition =	 {I},
  seriess =	 {Myśl Filozoficzna},
}










@Comment #############################################################
@Comment MATHEMATICAL LOGICS
@Comment #############################################################


@book{ GrzegorczykZarysLogikiMatematycznej1975,
  author =	 {Andrzej Grzegorczyk},
  title =	 {Zarys logiki matematycznej},
  publisher =	 {Państwowe Wydawnictwo Naukowe},
  address =	 {Warszawa},
  year =	 1975,
  edition =	 {IV},
  seriess =	 {Biblioteka matematyczna},
  number =	 20,
}



@book{ LukasiewiczElementyLogikiMatematycznej1929,
  author =	 {Jan Łukasiewicz},
  title =	 {Elementy logiki matematycznej. Skryp autoryzowany},
  publisher =	 {Nakładem Komisji Wydawniczej Koła
		  Matematyczno-Fizycznego Słuchaczów Uniwersytetu
		  Warszawskiego},
  address =	 {Warszawa},
  year =	 1929,
  edition =	 {I},
  note =	 {Reprint przez Wydawnictwo Uniwersystetu im.~Adama
		  Mickiewicza w~Poznaniu},
}



@book{ QuineLogikaMatematyczna1974,
  author =	 {Willard Van Orman Quine},
  title =	 {Logika matematyczna},
  publisher =	 {Państwowe Wydawnictwo Naukowe},
  address =	 {Warszawa},
  year =	 1974,
  edition =	 {I},
  note =	 {Tłum. Leon Koj},
}










@Comment #############################################################
@Comment #############################################################
@Comment SET THEORY
@Comment #############################################################
@Comment #############################################################


@book{ KuratowskiWstepTeoriiMnogosciITopologii2004,
  author =	 {Kazimierz Kuratowski},
  title =	 {Wstęp do~teorii mnogości i~topologii},
  publisher =	 {Wydawnictwo Naukowe PWN},
  address =	 {Warszawa},
  year =	 2004,
  edition =	 {IX},
  note =	 {Wraz z~dodatkiem Ryszarda Engelkinga \emph{Elementy
		  topologii algebraicznej}},
}










@Comment #############################################################
@Comment #############################################################
@Comment ARITHMETICS
@Comment #############################################################
@Comment #############################################################


@book{ GancarzewiczArytmetyka2000,
  author =	 {Jacek Gancarzewicz},
  title =	 {Arytmetyka},
  publisher =	 {Wydawnictwo Uniwersytetu Jagiellońskiego},
  address =	 {Kraków},
  year =	 2000,
  edition =	 {I},
}










@Comment #############################################################
@Comment #############################################################
@Comment ALGEBRA
@Comment #############################################################
@Comment #############################################################










@Comment #############################################################
@Comment ALGEBRA, GENERAL WORKS
@Comment #############################################################


@book{ BialynickiBirulaZarysAlgebry1987,
  author =	 {Andrzej Białynicki-Birula},
  title =	 {Zarys algebry},
  publisher =	 {Państwowe Wydawnictwo Naukowe},
  address =	 {Warszawa},
  year =	 1987,
  edition =	 {I},
}










@Comment #############################################################
@Comment GROUP THEORY
@Comment #############################################################










@Comment #############################################################
@Comment LINEAR ALGEBRA
@Comment #############################################################


@book{ ArodzRosciszewskiAlgebraIGeometriaETC2005,
  author =	 {Henryk Arodź and Krzysztof Rościszewski},
  title =	 {Algebra i~geometria analityczna w~zadaniach},
  publisher =	 {Wydawnictwo Znak},
  address =	 {Kraków},
  year =	 2005,
  edition =	 {I},
}



@book{ GancarzewiczAlgebraLiniowa2004,
  author =	 {Jacek Gancarzewicz},
  title =	 {Algebra liniowa i~jej zastosowania},
  publisher =	 {Wydawnictwo Uniwersytetu Jagiellońskiego},
  address =	 {Kraków},
  year =	 2004,
  edition =	 {I},
}



@book{ HerdegenAlgebraLiniowaIGeometria2010,
  author =	 {Andrzej Herdegen},
  title =	 {Algebra liniowa i~geometria},
  publisher =	 {DISCEPTO},
  address =	 {Kraków},
  year =	 2010,
  edition =	 {II~-- poprawione i~rozszerzone},
}










@Comment #############################################################
@Comment #############################################################
@Comment MATHEMATICAL ANALYSIS
@Comment #############################################################
@Comment #############################################################



@Comment #############################################################
@Comment STANDARD CALCULUS
@Comment #############################################################


@book{ FichtenholzRachunekRozniczkowyETCVolI2005,
  author =	 {Grigorij Michajłowicz Fichtenholz},
  title =	 {Rachunek różniczkowy i~całkowy},
  publisher =	 {Wydawnictwo Naukowe PWN},
  address =	 {Warszawa},
  year =	 2005,
  volume =	 {I},
  edition =	 {XII~-- trzeci dodruk},
}



@book{ FichtenholzRachunekRozniczkowyETCVolII2004,
  author =	 {Grigorij Michajłowicz Fichtenholz},
  title =	 {Rachunek różniczkowy i~całkowy},
  publisher =	 {Wydawnictwo Naukowe PWN},
  address =	 {Warszawa},
  year =	 2004,
  volume =	 {II},
  edition =	 {XII~-- drugi dodruk},
  note =	 {Tłum. Abraham Goetz, Lucjan Szamkołowicz, Bolesław
                  Gleichgewicht, Tadeusz Huskowski, Edward Piegat},
}



@book{ FichtenholzRachunekRozniczkowyETCVolIII2005,
  author =	 {Grigorij Michajłowicz Fichtenholz},
  title =	 {Rachunek różniczkowy i~całkowy},
  publisher =	 {Wydawnictwo Naukowe PWN},
  address =	 {Warszawa},
  year =	 2004,
  volume =	 {III},
  edition =	 {X~-- drugi dodruk},
}



@book{ KrysickiWlodarskiAnalizaWZadaniachVolI2005,
  author =	 {Włodzimierz Krysicki and L. Włodarski},
  title =	 {Analiza matematyczna w~zadaniach},
  publisher =	 {Wydawnictwo Naukowe PWN},
  address =	 {Warszawa},
  year =	 2005,
  volume =	 {I},
  edition =	 {XXIX~-- trzeci dodruk},
}



@book{ KrysickiWlodarskiAnalizaWZadaniachVolII2004,
  author =	 {Włodzimierz Krysicki and L. Włodarski},
  title =	 {Analiza matematyczna w~zadaniach},
  publisher =	 {Wydawnictwo Naukowe PWN},
  address =	 {Warszawa},
  year =	 2004,
  volume =	 {II},
  edition =	 {XXVII},
}



@book{ WhittakerWatsonKursAnalizyWspolczesnejVolI1967,
  author =	 {E. T. Whittaker, G. N. Watson},
  title =	 {Kurs analizy współczesnej},
  publisher =	 {Państwowe Wydawnictwo Naukowe},
  address =	 {{}},
  year =	 1967,
  volume =	 {I},
}



@book{ WittakerWatsonKursAnalizyWspolczesnejVolII1968,
  author =	 {E. T. Whittaker, G. N. Watson},
  title =	 {Kurs analizy współczesnej},
  publisher =	 {Państwowe Wydawnictwo Naukowe},
  address =	 {{}},
  year =	 1968,
  volume =	 {II},
}










@Comment #############################################################
@Comment XX CENTURY CALCULUS
@Comment #############################################################


@book{ LojasiewiczWstepDoTeoriiFunkcjiRzeczywistych1976,
  author =	 {Stanisław Łojasiewicz},
  title =	 {Wstęp do~teorii funkcji rzeczywistych},
  publisher =	 {Państwowe Wydawnictwo Naukowe},
  address =	 {Warszawa},
  year =	 1976,
  edition =	 {II},
  series =	 {Biblioteka Matematyczna},
  number =	 46,
}



@book{ MaurinAnalizaVolI1974,
  author =	 {Krzysztof Maurin},
  title =	 {Analiza. Część~I: Elementy},
  publisher =	 {Państwowe Wydawnictwo Naukowe},
  address =	 {Warszawa},
  year =	 1974,
  edition =	 {III},
  series =	 {Biblioteka Matematyczna},
  number =	 38,
}



@book{ MaurinAnalizaVolII1991,
  author =	 {Krzysztof Maurin},
  title =	 {Analiza. Część~II: Ogólne struktury, funkcje
                  algebraiczne, całkowanie, analiza tensorowa},
  publisher =	 {Wydawnictwo Naukowe PWN},
  address =	 {Warszawa},
  year =	 1991,
  volume =	 {II},
  edition =	 {II~-- zmieninone},
  series =	 {Biblioteka Matematyczna},
  number =	 170,
}



@book{ NahinInterestingIntegrals2015,
  author =	 {P. J. Nahin},
  title =	 {Inside Interesting Integrals},
  publisher =	 {Springer},
  address =	 {New York, Heidelberg, Dordrecht, London},
  year =	 2015,
  edition =	 {I},
}



@book{ RudinAnalizaRzeczywistaIZespolona1986,
  author =	 {Walter Rudin},
  title =	 {Analiza rzeczywista i~zespolona},
  publisher =	 {Państwowe Wydawnictwo Naukowe},
  address =	 {Warszawa},
  year =	 1986,
  edition =	 {I},
}



@book{ RudinAnalizaRzeczywistaIZespolona1998,
  author =	 {Walter Rudin},
  title =	 {Analiza rzeczywista i~zespolona},
  publisher =	 {Wydawnictwo Naukowe PWN},
  address =	 {Warszawa},
  year =	 1998,
  edition =	 {II},
}



@book{ SchwartzKursAnalizyMatematycznejVolI1979,
  author =	 {Laurent Schwartz},
  title =	 {Kurs analizy matematycznej},
  publisher =	 {Państwowe Wydawnictwo Naukowe},
  address =	 {Warszawa},
  year =	 1979,
  volume =	 {I},
  edition =	 {I},
}



@book{ SchwartzKursAnalizyMatematycznejVolII1980,
  author =	 {Laurent Schwartz},
  title =	 {Kurs analizy matematycznej},
  publisher =	 {Państwowe Wydawnictwo Naukowe},
  address =	 {Warszawa},
  year =	 1980,
  volume =	 {II},
  edition =	 {I},
}



@book{ StankiewiczZadaniaZMatematykiETCVolI1980,
  author =	 {W. Stankiewicz},
  title =	 {Zadania z~matematyki dla wyższych uczelni
                  technicznych},
  publisher =	 {Państwowe Wydawnictwo Naukowe},
  address =	 {Warszawa},
  year =	 1980,
  edition =	 {V~-- zmienione},
  volume =	 {I},
}










@Comment #############################################################
@Comment VECTOR CALCULUS
@Comment #############################################################


@book{ GalbisMaestreVectorAnalysisVsVectorCalculus,
  author =	 {Antonio Galbis and Manuel Maestre},
  title =	 {Vector Analysis Versus Vector Calculus},
  publisher =	 {Springer},
  address =	 {New York, Dordrecht, Heidelberg, London},
  edition =	 {I},
  year =	 1980,
  seriess =	 {Universitext},
}










@Comment #############################################################
@Comment CALCULUS OF VARIATIONS
@Comment #############################################################


@book{ GelfandFominRachunekWariacyjny1979,
  author =	 {I. M. Gelfand, S. W. Fomin},
  title =	 {Rachunek wariacyjny},
  publisher =	 {Państwowe Wydawnictwo Naukowe},
  address =	 {Warszawa},
  year =	 1979,
  edition =	 {IV},
}



@book{ JostLiJostCalculusOfVariations1998,
  author =	 {J. Jost, X. Li-Jost},
  title =	 {Calculus~of Variations},
  publisher =	 {Cambridge University Press},
  year =	 1998,
}










@Comment #############################################################
@Comment COMPLEX ANALYSIS
@Comment #############################################################


@book{ JakobczakJarnickiFunkcjeHolomorficzneWieluZmiennych2002,
  author =	 {P. Jakóbczak and M. Jarnicki},
  title =	 {Wstęp do~teorii funkcji holomorficznych wielu
		  zmiennych zespolonych},
  publisher =	 {Wydawnictwo Uniwersytetu Jagiellońskiego},
  address =	 {Kraków},
  year =	 2002,
  edition =	 {I},
}



@book{ LejaFunkcjeZespolone2006,
  author =	 {Franciszek Leja},
  title =	 {Funkcje zespolone},
  publisher =	 {Wydawnictwo Naukowe PWN},
  address =	 {Warszawa},
  year =	 2006,
  edition =	 {VI},
}



@book{ SzabatWstepDoAnalizyZespolonej1974,
  author =	 {W. B. Szabat},
  title =	 {Wstęp do analizy zespolonej},
  publisher =	 {Państwowe Wydawnictwo Naukowe},
  address =	 {Warszawa},
  year =	 1974,
  edition =	 {I},
}



@book{ KrzyzZbiorZadanZFunkcjiAnalitycznych2005,
  author =	 {Jan Krzyż},
  title =	 {Zbiór zadań z~funkcji analitycznych},
  publisher =	 {Wydawnictwo Naukowe PWN},
  address =	 {Warszawa},
  year =	 2005,
  edition =	 {V},
}










@Comment #############################################################
@Comment NONSTANDARD ANALYSIS
@Comment #############################################################


@misc{ RosingerShortIntroNonstandardAnalysis2004,
  author =	 {Elem\acute{e}r E.~Rosinger},
  title =	 {Short introduction to~Nonstandard Analysis},
  year =	 2004,
  month =	 {Jul},
  archivePrefix ={arXiv},
  eprint =	 {0407178v1},
  primaryClass = {math.GM},
}










@Comment #############################################################
@Comment MEASURE THEORY
@Comment #############################################################


@book{ BogachevMeasureTheory2007,
  author =	 {V. I. Bogachev},
  title =	 {Measure Theory},
  publisher =	 {Springer},
  year =	 2007,
  edition =	 {I},
  volume =	 {I},
}



@book{ KrantzParksGeometricIntegrationTheory2008,
  author =	 {Steven G.~Krantz, Harold R.~Parks},
  title =	 {Geometric Integration Theory},
  publisher =	 {Birkh{\"{a}}user},
  address =	 {Boston, Basel, Berlin},
  year =	 2008,
  series =	 {Cornerstones},
}










@Comment #############################################################
@Comment #############################################################
@Comment ORDINARY DIFFERENTIAL EQUATIONS
@Comment #############################################################
@Comment #############################################################


@book{ ArnoldRownaniaRozniczkoweZwyczajne1975,
  author =	 {Władimir Igorewicz Arnold},
  title =	 {Równania różniczkowe zwyczajne},
  publisher =	 {Państwowe Wydawnictwo Naukowe},
  address =	 {Warszawa},
  edition =	 {I},
  year =	 1975,
}



@book{ ArnoldTeoriaRownanRozniczkowych1983,
  author =	 {Władymir Igorewicz Arnold},
  title =	 {Teoria równań różniczkowych},
  publisher =	 {Państwowe Wydawnictwo Naukowe},
  address =	 {Warszawa},
  year =	 1983,
  edition =	 {I},
}



@book{ HairerNorsettWannerSolvingOridinaryDifferentialEquationsETCVolI1987,
  author =	 {E. Hairer, S. P. N\{o}rsett, G. Wanner},
  title =	 {Solving Ordinary Differential Equtions I: Nonstiff
                  Problems},
  publisher =	 {Springer},
  address =	 {{}},
  year =	 1987,
  volume =	 {I},
  series =	 {Springer Series in Computational Mathematics},
  edition =	 {I},
}



@book{ MatwiejewMetodyCalkowaniaRownanRozniczkowychZwyczajnych1982,
  author =	 {N. M. Matwiejew},
  title =	 {Metody całkowania równań różniczkowych zwyczajnych},
  publisher =	 {Państwowe Wydawnictwo Naukowe},
  address =	 {Warszawa},
  year =	 1982,
  edition =	 {I},
}



@book{ TeschlOrdinaryDifferentialEquationsAndDynamicalSystems2012,
  author =	 {G. Teschl},
  title =	 {Ordinary Differential Equations and Dynamical
                  Systems},
  publisher =	 {{American Mathematical Society}},
  address =	 {{}},
  year =	 2012,
  edition =	 {{}},
  series =	 {Graduate Studies in Mathematics},
  number =	 140,
}










@Comment #############################################################
@Comment #############################################################
@Comment PARTIAL DIFFERENTIAL EQUATION
@Comment #############################################################
@Comment #############################################################


@book{ AmbrosioDancerCalculusOfVariationsAndPartialDifferentialEquations,
  author =	 {L. Ambrosio, N. Dancer},
  title =	 {Calculus of Variations and Partial Differential
                  Equations. Topics on Geometrical Evolution Problems
                  and Degree Theory},
  publisher =	 {Springer-Verlag},
  address =	 {Berlin Heidelberg GmbH},
  year =	 1999,
  edition =	 {I},
  note =	 {Edited by G. Buttazzo, A. Mariano, M. K. V. Murthy},
}



@book{ EvansRowaniaRozniczoweCzastkowe2008,
  author =	 {L. C. Evans},
  title =	 {Równania różniczkowe cząstkowe},
  publisher =	 {Wydawnictwo Naukowe PWN},
  address =	 {Warszawa},
  year =	 2008,
  edition =	 {I},
}



@book{ HormanderAnalysisPartialDifferentialOperators1983,
  author =	 {Lars H{\"{o}}rmander},
  title =	 {The~Analysis~of Linear Partial Differential
		  Operators~I. Distributon Theory and~Fourier
		  Analysis},
  address =	 {{}},
  publisher =	 {Springer},
  year =	 1983,
  edition =	 {I},
}



@book{ MarcinkowskaWstepRownanRozniczkowychCzastkowych1986,
  author =	 {Hanna Marcinkowska},
  title =	 {Wstęp do~teorii równań różniczkowych cząstkowych},
  publisher =	 {Państwowe Wydawnictwo Naukowe},
  address =	 {Warszawa},
  edition =	 {II~-- zmienione},
  year =	 1986,
  series =	 {Biblioteka Matematyczna},
  number =	 43,
}



@book{ StrzeleckiKrotkieWprowadzenieETC2006,
  author =	 {P. Strzelecki},
  title =	 {Krótkie wprowadzenie do~równań różniczkowych
		  cząstkowych},
  publisher =	 {Wydawnictwo Uniwersytetu Warszawskiego},
  address =	 {Warszawa},
  year =	 2006,
  edition =	 {I},
}



@book{ SzmydtTransformacjaFourieraIRownaniaRozniczkoweLiniowe1972,
  author =	 {Zofia Szmydt},
  title =	 {Transformacje Fourier i~równania różniczkowe
                  liniowe},
  publisher =	 {Państwowe Wydawnictwo Naukowe},
  address =	 {Warszawa},
  year =	 1972,
  edition =	 {I},
  series =	 {Biblioteka Matematyczna},
  number =	 44,
}



@book{ TaylorPartialDifferentialEquationsBasicTheoryVolI1996,
  author =	 {M. E. Taylor},
  title =	 {Partial differential equations. Basic theory},
  publisher =	 {Springer},
  address =	 {{}},
  year =	 1996,
  edition =	 {{}},
  volume =	 {I},
}










@Comment #############################################################
@Comment #############################################################
@Comment GENERAL PARTIAL DIFFERENTIAL EQUATION
@Comment #############################################################
@Comment #############################################################


@book{ AbrosioEtAlCalculusOfVariationsAndNonLinearPDF2008,
  author =	 {Ambrosio, Luigi and Caffarelli, Luis and Crandall,
		  Michael~G. and Evans, Lawrence~C. and Fusco, Nicola},
  title =	 {Calculus~of Variations and~Non-Linear Partial
		  Differential Equations},
  publisher =	 {Springer},
  address =	 {Berlin, Heidelberg},
  year =	 2008,
  edition =	 {I},
  seriess =	 {Lecture Notes in~Mathematics},
  number =	 1927,
}










@Comment #############################################################
@Comment THEORY OF PROBABILITY AND STATISTICS
@Comment #############################################################


@book{ BillingsleyPrawdopodobienstwoIMiara2009,
  author =	 {Patrick Billingsley},
  title =	 {Prawdopodobieństwo i~miara},
  publisher =	 {Wydawnictwo Naukowe PWN},
  address =	 {Warszawa},
  year =	 2009,
  edition =	 {II},
  note =	 {Tłum. z~języka angielskiego Krystyna Kizeweter,
		  Janusz E.~Roguski},
}


@book{ FellerWstepDoRachunkuPrawdopodobienstwaVolI2006,
  author =	 {William Feller},
  title =	 {Wstęp do~rachunku prawdopodobieństwa},
  publisher =	 {Wydawnictwo Naukowe PWN},
  address =	 {Warszawa},
  year =	 2006,
  volume =	 {I},
  edition =	 {VI},
}


@book{ ZielinskiRachunekPrawdopodobienstwaZElementamiStatystymi1980,
  author =	 {Ryszard Zieliński},
  title =	 {Rachunek prawdopodobieństwa z~elementami statystyki
                  matematycznej},
  publisher =	 {Wydawnictwo Szkolne i~Pedagogiczne},
  address =	 {Warszawa},
  year =	 1980,
  edition =	 {III},
}










@Comment #############################################################
@Comment #############################################################
@Comment FUNCTIONAL ANALYSIS
@Comment #############################################################
@Comment #############################################################


@book{ BalakrishnanAnalizaFunkcjonalnaStosowana1992,
  author =	 {A. V. Balakrishnan},
  title =	 {Analiza funkcjonalna stosowana},
  publisher =	 {Wydawnictwo Naukowe PWN},
  address =	 {Warszawa},
  year =	 1992,
  edition =	 {I},
}



@book{ DeitmarEcherhoffPrinciplesOfHarmonicAnalysis2009,
  author =	 {Anton Deitmar and Siegfried Echterhoff},
  title =	 {Principles~of Harmonic Analysis},
  publisher =	 {Springer},
  address =	 {New York, NY},
  year =	 2009,
  edition =	 {{}},
  doi =		 {10.1007/978-0-387-85469-4},
  url =		 {https://doi.org/10.1007/978-0-387-85469-4},
}



@book{ ChmielinskiAnalizaFunkcjonalna2004,
  author =	 {J. Chmieliński},
  title =	 {Analiza funkcjonalna. Notatki do~wykładu},
  publisher =	 {Wydawnictwo Naukowe Akademii Pedagogicznej},
  address =	 {Kraków},
  year =	 2004,
  edition =	 {II~-- uzupełnione},
}



@book{ PrusStachuraAnalizaFunkcjonalnaWZadaniach2007,
  author =	 {Stanisła Prus and Adam Stachura},
  title =	 {Analiza funkcjonalna w~zadaniach},
  publisher =	 {Wydawnictwo Naukowe PWN},
  address =	 {Warszawa},
  year =	 2007,
  edition =	 {I},
}



@book{ ReedSimonMethodsOfModernMathematicalPhysicsVolI1980,
  author =	 {Michael Reed and Barry Simon},
  title =	 {Methods~of Modern Mathematical Physics~I:
		  Functional Analysis},
  publisher =	 {Academic Press},
  address =	 {San Diego, New York, Boston, London, Sydney, Tokyo,
		  Toronto},
  year =	 1980,
  edition =	 {Revised and~enlarged edtion},
}



@book{ ReedSimonMethodsOfModernMathematicalPhysicsVolIV1978,
  author =	 {Michael Reed and Barry Simon},
  title =	 {Methods~of Modern Mathematical Physics~IV:
		  Analysis~of Operators},
  publisher =	 {Academic Press, Inc.},
  address =	 {New York, San Francisco, London},
  year =	 1978,
  edition =	 {I},
}



@book{ RudinAnalizaFunkcjonalna2002,
  author =	 {Walter Rudin},
  title =	 {Analiza funkcjonalna},
  publisher =	 {Wydawnictwo Naukowe PWN},
  address =	 {Warszawa},
  year =	 2002,
  edition =	 {II},
}



@book{ SchmudgenUnboundedSelfadjointOperatorsHilberSpace2012,
  author =	 {Konrad Schmu{\"{u}}dgen},
  title =	 {Unbounded Self-adjoint Operators on~Hilbert Space},
  publisher =	 {Springer},
  address =	 {Dordrecht, Heidelberg, New York, London},
  year =	 2012,
  edition =	 {I},
  seriess =	 {Graduate Texts in~Mathematics},
  number =	 265,
}










@Comment #############################################################
@Comment THEORY OF DISTRIBUTIONS
@Comment #############################################################


@book{ GelfandShilovGeneralizedFunctionsVolI1964,
  author =	 {I. M. Gelfand and G. V. Shilov},
  title =	 {Generalized Functions. Volume~I: Properties
		  and~Operations},
  publisher =	 {Academic Press},
  address =	 {New York and London},
  year =	 1964,
}



@book{ ZemanianTeoriaDystrybucji1969,
  author =	 {Armen H.~Zemanian},
  title =	 {Teoria dystrybucji i~analiza transformat},
  publisher =	 {Państwowe Wydawnictwo Naukowe},
  address =	 {Warszawa},
  edition =	 {I},
  year =	 1969,
}










@Comment #############################################################
@Comment THEORY OF OPERATORS AND C*-ALGEBRAS
@Comment #############################################################


@book{ BratteliRobinsonOperatorAlgebrasVolI2002,
  author =	 {Ola Bratteli, Derek W. Robinson},
  title =	 {Operator Algebras and~Quantum Statistical
		  Mechanics~1},
  publisher =	 {Springer},
  address =	 {Berlin, Heidelberg},
  year =	 2002,
  edition =	 {II},
}



@book{ GossonSymplecticGeometryAndQuantumMechanics2000,
  author =	 {Maurice de~Gosson},
  title =	 {Symplecitc Geometry and Quantum Mechanics},
  publisher =	 {Birkh\"{a}user},
  address =	 {Base, Boston, Berlin},
  year =	 2006,
  edition =	 {I},
  seriess =	 {Operator Theory: Advances and~Applications},
  number =	 166,
}










@Comment #############################################################
@Comment NONLINEAR FUNCTIONAL ANALYSIS
@Comment #############################################################


@book{ ZeidlerNonlinearFunctionalAnalysisVolIIA,
  author =	 {Eberhard Zeidler},
  title =	 {Nonlinear Functional Analysis and~its Applications.
		  II/A:~Linear Monotone Operators},
  publisher =	 {Springer},
  address =	 {New York, Berlin, Heidelberg, Barcelona, Budapest,
		  Hong Kong, London, Milan, Paris, Santa Clara,
		  Singapore, Tokyo},
  year =	 1990,
  edition =	 {I},
}










@Comment #############################################################
@Comment #############################################################
@Comment DIFFERENTIAL GEOMETRY
@Comment #############################################################
@Comment #############################################################


@book{ BoothbyIntroductionToDifferentiableManifolds1986,
  author =	 {William M. Boothby},
  title =	 {An~Introduction to~Differentiable Manifolds
		  and~Riemannian Geometry},
  publisher =	 {Academic Press, Inc.},
  address =	 {San Diego, New York, Berkley, Boston, London,
		  Sydney, Tokyo, Toronto},
  year =	 1986,
  edition =	 {II},
}



@book{ GancarzewiczOpozdaWstepDoGeometriiRozniczkowej2003,
  author =	 {Jacek Gancarzewicz and Barbara Opozda},
  title =	 {Wstęp do~geometrii różniczkowej},
  publisher =	 {Wydawnictwo Uniwersytetu Jagiellońskiego},
  address =	 {Kraków},
  year =	 2003,
  edition =	 {I},
}



@book{ GancarzewiczZarysWspolczesnejGeometriiRozniczkowej2010,
  author =	 {Jacek Gancarzewicz},
  title =	 {Zarys współczesnej geometrii różniczkowej},
  publisher =	 {SCRIPT},
  address =	 {Warszawa},
  year =	 2010,
  edition =	 {I},
}



@book{ GdowskiElementGeometriiRozniczkowejZZadaniami1999,
  author =	 {Bogusław Gdowski},
  title =	 {Elementy geometrii różniczkowej z~zadaniami},
  publisher =	 {Oficyna Wydawnicza Politechniki Warszawskiej},
  address =	 {Warszawa},
  year =	 1999,
  edition =	 {IV},
}



@book{ SokolowskiElementyAnalizyTensorowej2010,
  author =	 {Leszek M. Sokołowski},
  title =	 {Elementy analizy tensorowej},
  publisher =	 {Wydawnictwo Uniwersytetu Warszawskiego},
  address =	 {Warszawa},
  year =	 2010,
  edition =	 {I},
}



@book{ FlandersTeoriaFormRozniczkowych1969,
  author =	 {H. Flanders},
  title =	 {Teoria form różniczkowych},
  publisher =	 {Państwowe Wydawnictwo Naukowe},
  address =	 {Warszawa},
  year =	 1969,
  edition =	 {I},
}



@book{ LeeIntroductionToSmoothManifolds2013,
  author =	 {John M. Lee},
  title =	 {Introduction to~Smooth Manifolds},
  publisher =	 {Springer},
  address =	 {New York, Heidelberg, Dordrechet, London},
  year =	 2013,
  edition =	 {II},
  series =	 {Graduate Texts in~Mathematics},
  number =	 218,
}










@Comment #############################################################
@Comment #############################################################
@Comment NONCOMMUTATIVE GEOMETRY
@Comment #############################################################
@Comment #############################################################


@book{ GraciaBondiaVarillyFigueroaNoncommutativeGeometry,
  author =	 {Jos\'{e} M.~Gracia-Bond\'{i}a and Joseph
		  C.~V\'{a}rilly and H\'{e}ctor Figueroa},
  title =	 {Elements~of Noncommutative Geometry},
  publisher =	 {{}},
  address =	 {{}},
  year =	 {{}},
}










@Comment #############################################################
@Comment #############################################################
@Comment MATHEMATICS WORKBOOKS
@Comment #############################################################
@Comment #############################################################


@book{ DrobkaSzymanskiZbiorZadan1993,
  author =	 {N. Dróbka, K. Szymański},
  title =	 {Zbiór zadań z~matematyki},
  publisher =	 {Wydawnictwo Szkolne i~Pedagogiczne},
  address =	 {Warszawa},
  year =	 1993,
  edition =	 {III},
}



@book{ EhrenfeuchtStandeAlgebraDlaKlasyII1987,
  author =	 {Aniela Ehrenfeucht and Olga Stande},
  title =	 {Algebra dla~klasy~II liceum ogólnokształcącego,
		  liceum zawodowego i~technikum},
  publisher =	 {Wydawnictwo Szkolne i~Pedagogiczne},
  address =	 {Warszawa},
  year =	 1987,
  edition =	 {XVII zmienione},
}



@book{ Steinhaus100Zadan1993,
  author =	 {Hugo Steinhaus},
  title =	 {Sto zadań},
  publisher =	 {PHU „DIP”},
  address =	 {Warszawa},
  year =	 1993,
  edition =	 {{}},
  series =	 {Klasyka Matematyki},
}










@Comment #############################################################
@Comment MULTIFIELDS BOOKS
@Comment #############################################################


@book{ ZakowskiLeksinskiLMatematykaVolIV1978,
  author =	 {W. Zakowski, W. Leksinski},
  title =	 {Matematyka. Część IV},
  publisher =	 {Wydawnictwo Naukowo-Techniczne},
  address =	 {Warszawa},
  year =	 1978,
  edition =	 {V~-- poprawione},
}
@Comment author =	 {W. Żakowski, W. Leksiński},










@Comment #############################################################
@Comment VERY SIMPLE MATHEMATICAL BOOKS
@Comment #############################################################


@book{ AczelWielkieTwierdzenieFermata1998,
  author =	 {Amir D.~Aczel},
  title =	 {Wielkie twierdzenie Fermata. Rozwiązanie zagadki
                  starego matematycznego problemu},
  publisher =	 {Prószyński i~S-ka},
  address =	 {Warszawa},
  year =	 1998,
  edition =	 {I},
  series =	 {Na ścieżkach nauki},
  note =	 {Tłum. Paweł Strzelecki},
}



@book{ SautoyPokerZPitagorasem2012,
  author =	 {Marcus du~Sautoy},
  title =	 {Poker z~Pitagorasem},
  publisher =	 {carta blanca},
  address =	 {Warszawa},
  year =	 2012,
  edition =	 {I},
  note =	 {Tłum. Adam Bukowski, Jacek Środa},
}










@Comment #############################################################
@Comment #############################################################
@Comment NUMERICAL ANALYSIS
@Comment #############################################################
@Comment #############################################################


@book{ RalstonWstepDoAnalizyNumerycznej1983,
  author =	 {Anthony Ralston},
  title =	 {Wstęp do~analizy numerycznej},
  publisher =	 {Państwowe Wydawnictwo Naukowe},
  address =	 {Warszawa},
  year =	 1983,
  edition =	 {III},
  note =	 {Z~angielskiego tłumaczył Roman Zuber, wydanie
                  polskie opracował Stefan Paszkowski},
}










@Comment #############################################################
@Comment NUMERICAL METHODS
@Comment #############################################################










@Comment #############################################################
@Comment #############################################################
@Comment #############################################################
@Comment COMPUTER SCIENCE
@Comment #############################################################
@Comment #############################################################
@Comment #############################################################



@Comment #############################################################
@Comment C
@Comment #############################################################


@book{ KernighanRitchieJezykANSIC2001,
  author =	 {B. W. Kernighan and D. M. Ritchie},
  title =	 {Język ANSI~C},
  publisher =	 {Wydawnictwo Naukowo-Techniczne},
  address =	 {Warszawa},
  year =	 2001,
  edition =	 {VI},
}










@Comment #############################################################
@Comment C++
@Comment #############################################################


@book{ GreboszSymfoniaCxxStandardVolI2008,
  author =	 {Jerzy Gr{ę}bosz},
  title =	 {Symfonia C++ standard. Tom I},
  publisher =	 {EDITION 2000},
  address =	 {Kraków},
  year =	 2008,
  edition =	 {III B -- rozszerzone i~poprawione},
  volume =	 {I},
}



@book{ GreboszSymfoniaCxxStandardVolII2008,
  author =	 {Jerzy Gr{ę}bosz},
  title =	 {Symfonia C++ standard. Tom II},
  publisher =	 {EDITION 2000},
  address =	 {Kraków},
  year =	 2008,
  edition =	 {III B -- rozszerzone i~poprawione},
  volume =	 {I},
}



@book{ OsheroveTestyJednostkowe2014,
  author =	 {Roy Osherove},
  title =	 {Testy jednostkowe. Świat niezawodnych aplikacji},
  publisher =	 {Helion},
  address =	 {Gliwice},
  year =	 2014,
  edition =	 {II},
  note =	 {Tłum. Radosław Meryk},
}



@book{ PetersenMasteringEmacs2016,
  author =	 {Mickey Petersen},
  title =	 {Mastering Emacs},
  publisher =	 {https://www.masteringemacs.org/book},
  address =	 {{}},
  year =	 2016,
  edition =	 {II},
}










@Comment #############################################################
@Comment #############################################################
@Comment OPERATING SYSTEMS
@Comment #############################################################n
@Comment #############################################################



@Comment #############################################################
@Comment MICROSOFT WINDOWS OPERATING SYSTEM
@Comment #############################################################


@book{ LambertLambertWindows10KropPoKroku2016,
  author =	 {Joan Lambert, Steve Lambert},
  title =	 {Windows 10. Krop po kroku},
  publisher =	 {APN Promise},
  address =	 {Warszawa},
  year =	 2016,
  edition =	 {I},
  note =	 {Przekład: Janusz Machowski},
}










@Comment #############################################################
@Comment COMPUTER SCIENCE AND MATHEMATICS
@Comment #############################################################


@book{ HopcroftMotwaniUllmanWprowdzenieDoTeoriAutomatowETC2005,
  author =	 {J. E. Hopcroft, R. Motwani, J. D. Ullman},
  title =	 {Wprowadzenie do teorii automatów, języków
                  i~obliczeń},
  publisher =	 {Wydawnictwo Naukowe PWN},
  address =	 {{}},
  year =	 2005,
  edition =	 {II},
}



@book{ RychlickiOdMatematykiDoProgramowania2011,
  author =	 {Wiesław Rychlicki},
  title =	 {Od~matematyki do~programowania. Wszystko, co~każdy
		  programista wiedzieć powinien},
  publisher =	 {Helion},
  address =	 {Gliwice},
  year =	 2011,
  edition =	 {I},
  series =	 {Pascal, C i~C++ nie tylko dla~uczniów i~studentów},
}










@Comment #############################################################
@Comment HARD TO CLASSIFY
@Comment #############################################################


@book{ KimFunctionaDifferentialEquations1999,
  author =	 {A.~V.~Kim},
  title =	 {Functional Differential Equations. Application~of
                  $i$-smooth Calculus},
  publisher =	 {Springer},
  address =	 {{}},
  year =	 1999,
  edition =	 {I},
  seriess =	 {Mathematics and~Its Applications},
  number =	 479,
}
