@Comment #############################################################
@Comment #############################################################
@Comment #############################################################
@Comment PHILOSOPHIAE NATURALIS ARTICLES
@Comment #############################################################
@Comment #############################################################
@Comment #############################################################



@Comment #############################################################
@Comment #############################################################
@Comment #############################################################
@Comment PHYSICS (ARTICLES)
@Comment #############################################################
@Comment #############################################################
@Comment #############################################################



@Comment #############################################################
@Comment #############################################################
@Comment PHYSICS OF SPEACETIME (THEORY, ARTICLES)
@Comment #############################################################
@Comment #############################################################


@article{ ChruscielElementsOfCausalityTheory2011,
  author =	 {Piotr T.~Chru≈õciel},
  title =	 {Elements of causality theory},
  journal =	 {{}},
  year =	 2011,
  archivePrefix ={arXiv},
  eprint =	 {1110.6706v1},
  primaryClass = {gr-qc},
}



@article{ HerdegenFlatSpacetimeInCapsule2009,
  author =	 {Andrzej Herdegen},
  title =	 {Flat spacetime in~a~capsule},
  journal =	 {{}},
  year =	 2009,
  archivePrefix ={arXiv},
  eprint =	 {0905.4386v2},
  primaryClass = {physics.class-ph},
}










@Comment #############################################################
@Comment #############################################################
@Comment NEWTONIAN MECHANICS (THEORY, ARTICLES)
@Comment #############################################################
@Comment #############################################################


@Comment #############################################################
@Comment MATHEMATICAL NEWTONIAN MECHANICS: ARTICLES
@Comment #############################################################


@article{ WilkinsonNonExistencePhysicalSolutionsToRigidBody2015,
  author =	 {Mark Wilkinson},
  title =	 {Non-existence~of Physical Classical Solutions
		  to~Euler's Equations of Rigid Body Dynamics},
  journal =	 {{}},
  year =	 2015,
  archivePrefix ={arXiv},
  eprint =	 {1506.04860v2},
  primaryClass = {math-ph},
}










@Comment #############################################################
@Comment MATHEMATICAL THEORY OR CONSTRAINED SYSTEMS: ARTICLES
@Comment #############################################################


@article{ UdwadiaKalabaNewPerspectiveOnConstrainedMotion1992,
  author =	 {Firdaus E.~Udwadia and Robert E.~Kalaba},
  title =	 {A~New Perspective on~Constrained Motion},
  journal =	 {Proceedings~of the~Royal Society~of London.
                  Series~A: Mathematical and~Physical Sciences},
  year =	 1992,
  volume =	 439,
  issue =	 1906,
  pages =	 {407-410},
  doi =		 {10.1098/rspa.1992.0158},
}



@article{ UdwadiaSchutteEoMForGeneralConstrainedSystemsLagrangian2010,
  author =	 {Firdaus E.~Udwadia and Aaron D.~Schutte},
  title =	 {Equations~of motion for~general constrained systems
                  in~Lagrangian mechanics},
  journal =	 {Acta Mech},
  year =	 1992,
  volume =	 213,
  issue =	 {1-2},
  pages =	 {111-129},
  doi =		 {10.1007/s00707-009-0272-2},
}



@article{ DateLecturesOnConstrainedSystems2010,
  author =	 {Ghanashyam Date},
  title =	 {Lectures on~Constrained Systems},
  journal =	 {{}},
  year =	 2010,
  archivePrefix ={arXiv},
  eprint =	 0403246,
  primaryClass = {hep-th},
}










@Comment #############################################################
@Comment #############################################################
@Comment ELECTRODYNAMICS: ARTICLES
@Comment #############################################################
@Comment #############################################################


@Comment #############################################################
@Comment MATHEMATICAL ELECTRODYNAMICS: ARTICLES
@Comment #############################################################


@article{ FlatoEtAlAsymptoticCompletenessMaxwellDirac1995,
  author =	 {Flato, Mosh{\'{e}} and C. H. Simon, Jacques and
                  Taflin, Erik},
  title =	 {Asymptotic completeness, global existence and the
                  infrared problem for the Maxwell-Dirac equations},
  journal =	 {Memoirs of the American Mathematical Society},
  year =	 1995,
  month =	 03,
  volume =	 127,
  doi =		 {10.1090/memo/0606},
  archivePrefix ={arXiv},
  eprint =	 9502061,
  primaryClass = {hep-th},
}










@Comment #############################################################
@Comment #############################################################
@Comment QUANTUM MECHANICS AND RELATED PROBLEMS: ARTICLES
@Comment #############################################################
@Comment #############################################################


@article{ GukovWittenBranesAndQuantization2009,
  author =	 {Sergei Gukov, Edward Witten},
  title =	 {Branes and~Quantization},
  journal =	 {Advances in~Theoretical and~Mathematical Physics},
  year =	 2009,
  volume =	 13,
  number =	 5,
  pages =	 {1445-1518},
  doi =		 {10.4310/ATMP.2009.v13.n5.a5},
  archivePrefix ={arXiv},
  eprint =	 {0809.0305v2},
  primaryClass = {hep-th},
}



@article{ WittenNewLookPathIntegralOfQuantumMechanics2010,
  author =	 {Edward Witten},
  title =	 {A~New Look At~The~Integral~Of Quantum Mechanics},
  journal =	 {{}},
  year =	 2010,
  archivePrefix ={arXiv},
  eprint =	 {1009.6032v1},
  primaryClass = {hep-th},
}










@Comment #############################################################
@Comment QUANTUM MECHANICS AND PHILOSOPHY: ARTICLES
@Comment #############################################################


@article{ dEspagnatConsciousnessWignerFriendProblem2005,
  author =	 {Bernard d'Espagnat},
  title =	 {Consciousness and the Wigner's friend problem},
  journal =	 {Foundations~of Physics},
  year =	 2005,
  volume =	 35,
  pages =	 1943,
  doi =		 {10.1007/s10701-005-8656-1},
  archivePrefix ={arXiv},
  eprint =	 {0402121v2},
  primaryClass = {quant-ph},
}










@Comment #############################################################
@Comment #############################################################
@Comment THEORY OF CONDENSATE MATTER PHYSICS: ARTICLES
@Comment #############################################################
@Comment #############################################################


@article{ AndersonPlasmonsGaugeInvarianceAndMass1963,
  author =	 {P. W. Anderson},
  title =	 {Plasmons, Gauge Invariance, and Mass},
  journal =	 {Physcial Review},
  year =	 1963,
  month =	 {April},
  volume =	 130,
  issue =	 1,
  pages =	 {439-442},
  numpages =	 0,
  publisher =	 {American Physical Society},
  doi =		 {10.1103/PhysRev.130.439},
  url =		 {https://link.aps.org/doi/10.1103/PhysRev.130.439},
}



@article{ BalentsSpinLiquidsInFrustratedMagnets2010,
  author =	 {Leon Balents},
  title =	 {Spin liquids in frustrated magnets},
  journal =	 {Nature},
  year =	 2010,
  month =	 {03},
  volume =	 464,
  issue =	 1,
  pages =	 {199-209},
  doi =		 {10.1038/nature08917},
}



@article{ KatsnelsonNovoselovGeimChiralTunnelingInGraphene2006,
  author =	 {M.I. Katsnelson and K.S. Novoselov and A.K. Geim},
  title =	 {Chiral tunneling and the~Klein paradox in~graphene},
  journal =	 {Nature Physics},
  year =	 2006,
  month =	 {Aug},
  volume =	 2,
  pages =	 {620--625},
  doi =		 {https://doi.org/10.1038/nphys384},
  archivePrefix ={arXiv},
  eprint =	 0604323,
  primaryClass = {cond-mat.mes-hall},
}



@article{ GingrasSpinIce2009,
  author =	 {Michel J. P. Gingras},
  title =	 {Spin Ice},
  journal =	 {{}},
  year =	 2009,
  archivePrefix ={arXiv},
  eprint =	 {0903.2772},
  primaryClass = {cond-mat.stat-mech},
}



@article{ WimmerQuantumTransportInNanostructures2009,
  author =	 {Michael Wimmer},
  title =	 {Quantum transport in nanostructures: From
                  computational concepts to spintronics in graphene
                  and magnetic tunnel junctions},
  journal =	 {{}},
  year =	 2009,
  url =		 {https://epub.uni-regensburg.de/12142/},
}



@article{ RyceszAtElConformalMappingShotNoiseGraphene2009,
  author =	 {Adam Rycerz and Patrik Recher and Michael Wimmer},
  title =	 {Conformal mapping and shot noise in graphene},
  journal =	 {Phys. Rev. B},
  year =	 2009,
  month =	 {Sep},
  volume =	 80,
  issue =	 12,
  pages =	 125417,
  numpages =	 14,
  publisher =	 {American Physical Society},
  doi =		 {10.1103/PhysRevB.80.125417},
  url =		 {https://link.aps.org/doi/10.1103/PhysRevB.80.125417},
}



@article{ PeresColloquiumTheTransportPropertiesOfGraphene2010,
  author =	 {N. M. R. Peres},
  title =	 {\textit{Colloquium}: The~transport properties~of
                  graphen: An~introduction},
  journal =	 {Rev. Mod. Phys.},
  year =	 2010,
  month =	 {Sep},
  volume =	 82,
  issue =	 3,
  pages =	 {2673--2700},
  numpages =	 0,
  publisher =	 {American Physical Society},
  doi =		 {10.1103/RevModPhys.82.2673},
  url =		 {https://link.aps.org/doi/10.1103/RevModPhys.82.2673},
  archivePrefix ={arXiv},
  eprint =	 {1007.2849},
  primaryClass = {cond-mat.mes-hall},
}



@article{ RycerzMagnetoconductanceOfTheCarbinoDiskGraphene2010,
  author =	 {Adam Rycerz},
  title =	 {Magnetoconductance~of the~Corbino disk in~graphene},
  journal =	 {Phys. Rev. B},
  year =	 2010,
  month =	 {Mar},
  volume =	 81,
  issue =	 12,
  pages =	 121404,
  numpages =	 4,
  publisher =	 {American Physical Society},
  doi =		 {10.1103/PhysRevB.81.121404},
  url =		 {https://link.aps.org/doi/10.1103/PhysRevB.81.121404},
  archivePrefix ={arXiv},
  eprint =	 {0909.3018v2},
  primaryClass = {cond-mat.mes-hall},
}



@article{ QiWittenZhangAxionTopologicalSuperconductors2013,
  author =	 {Xiao-Liang Qi and Edward Witten and Shou-Cheng Zhang},
  title =	 {Axion topological field theory of topological
		  superconductors},
  year =	 2013,
  month =	 {Apr},
  journal =	 {Phys. Rev. B},
  volume =	 87,
  issue =	 13,
  pages =	 134519,
  numpages =	 10,
  publisher =	 {American Physical Society},
  doi =		 {10.1103/PhysRevB.87.134519},
  url =		 {https://link.aps.org/doi/10.1103/PhysRevB.87.134519},
  archivePrefix ={arXiv},
  eprint =	 {1206.1407v2},
  primaryClass = {cond-mat.supr-con},
}










@Comment #############################################################
@Comment #############################################################
@Comment STATISTICAL PHYSICS: ARTICLES
@Comment #############################################################
@Comment #############################################################


@article{ BlumeEmeryGriffithsIsingModelForTheLambdaTransitionETC1971,
  author =	 {M. Blume and V. J. Emery and Robert B. Griffiths},
  title =	 {Ising Model for the $\ensuremath{\lambda}$
                  Transition and Phase Separation in
                  ${\mathrm{He}}^{3}$-${\mathrm{He}}^{4}$ Mixtures},
  journal =	 {Phys. Rev. A},
  year =	 1971,
  month =	 {Sep},
  volume =	 4,
  issue =	 3,
  pages =	 {1071--1077},
  numpages =	 0,
  publisher =	 {American Physical Society},
  doi =		 {10.1103/PhysRevA.4.1071},
  url =		 {https://link.aps.org/doi/10.1103/PhysRevA.4.1071},
}










@Comment #############################################################
@Comment MATHEMATICAL QUANTUM STATISTICAL MECHANICS: ARTICLES
@Comment #############################################################


@article{ MajewskiOnQuantumStatisticalMechanics2017,
  author =	 {W≈Çadys≈Çaw Adam Majewski},
  title =	 {On Quantum Statistical Mechanics: A Study Guide},
  journal =	 {Advances in Mathematical Physics},
  year =	 2016,
  month =	 08,
  volume =	 2017,
  doi =		 {10.1155/2017/9343717},
  archivePrefix ={arXiv},
  eprint =	 {1608.06766},
  primaryClass = {math-ph},
}










@Comment #############################################################
@Comment #############################################################
@Comment HYDRODYNAMICS, FLUID DYNAMICS: ARTICLES
@Comment #############################################################
@Comment #############################################################


@Comment #############################################################
@Comment TURBULENCE: ARTICLES
@Comment #############################################################


@article{ FrishmanFalkovichNewTypeOfAnomalyInTubulence2014,
  author =	 {Anna Frishman and Gregory Falkovich},
  title =	 {New type~of anomaly in~tubulence},
  journal =	 {Phys. Rev. Lett.},
  year =	 2014,
  volume =	 113,
  pages =	 024501,
  archivePrefix ={arXiv},
  eprint =	 {1401.6141v3},
  primaryClass = {nlin.CD},
}










@Comment #############################################################
@Comment #############################################################
@Comment FIELD THEORY: ARTICLES
@Comment #############################################################
@Comment #############################################################


@Comment #############################################################
@Comment MATHEMATICAL FIELD THEORY: ARTICLES
@Comment #############################################################


@article{ SardanashvilyJetMethodsInFieldTheory1994,
  author =	 {Gennadi A.~Sardanashvily},
  title =	 {Five Lectures on the Jet Manifold Methods in Field
                  Theory},
  journal =	 {{}},
  year =	 1994,
  archivePrefix ={arXiv},
  eprint =	 9411089,
  primaryClass = {hep-th},
}










@Comment #############################################################
@Comment MATHEMATICAL FIELD THEORY WITH CONSTRAINS: ARTICLES
@Comment #############################################################


@article{ GiachettaEtAlLagrangianHamiltonianOnSubmanifolds2006,
  author =	 {G. Giachetta and L. Mangiarotti and G.
		  Sardanashvily},
  title =	 {Lagrangian and~Hamiltonian dynamics~of submanifolds},
  journal =	 {{}},
  year =	 2006,
  archivePrefix ={arXiv},
  eprint =	 0604066,
  primaryClass = {math-ph},
}










@Comment #############################################################
@Comment #############################################################
@Comment QFT: ARTICLES
@Comment #############################################################
@Comment #############################################################


@article{ GuralnikHagenKibbleGlobalConservationLawsAndMasslessParticles1964,
  author =	 {G. S. Guralnik, C. R. Hagen, T. W. B. Kibble},
  title =	 {Global conservation laws and massless particles},
  journal =	 {Phys. Rev. Lett.},
  year =	 1964,
  month =	 {Nov},
  volume =	 13,
  issue =	 20,
  pages =	 {585--587},
  publisher =	 {American Physical Society},
  doi =		 {10.1103/PhysRevLett.13.585},
  url =		 {https://link.aps.org/doi/10.1103/PhysRevLett.13.585},
}










@Comment #############################################################
@Comment QUANTUM ELECTRODYNAMICS: ARTICLES
@Comment #############################################################


@article{ GockelerEtAlIsThereLandauPoleProblemInQED1998,
  author =	 {M. G\"{o}ckeler, R. Horsley, V. Linke, P. Rakow, G.
		  Schierholz, H. St√ºben},
  title =	 {Is~there a~Landau Pole Problem in~QED?},
  journal =	 {Phys. Rev. Lett.},
  year =	 1997,
  volume =	 80,
  pages =	 {4119-4122},
  doi =		 {10.1103/PhysRevLett.80.4119},
  archivePrefix ={arXiv},
  eprint =	 {9712244v1},
  primaryClass = {hep-th},
}










@Comment #############################################################
@Comment QUANTUM CHROMODYNAMICS: ARTICLES
@Comment #############################################################


@article{ AmbjornGreensitePetersonAxialAnomalyAndLatticeDiracSea1983,
  author =	 {J. Ambj√∏rn and J. Greensite and C. Peterson},
  title =	 {The axial anomaly and the lattice Dirac sea},
  journal =	 {Nucl. Phys. B},
  year =	 1983,
  volume =	 221,
  number =	 2,
  pages =	 {381--408},
  issn =	 {0550-3213},
  doi =		 {https://doi.org/10.1016/0550-3213(83)90585-0},
  url =
                  {http://www.sciencedirect.com/science/article/pii/0550321383905850},
}



@article{ HiggsBrokenSymmetriesAndTheMassesOfGaugeBosons1968,
  author =	 {Peter W. Higgs},
  title =	 {Broken Symmetries and the Masses of Gauge Bosons},
  journal =	 {Phys. Rev. Lett.},
  year =	 1964,
  volume =	 13,
  issue =	 16,
  pages =	 {508--509},
  numpages =	 0,
  month =	 {Oct},
  publisher =	 {American Physical Society},
  doi =		 {10.1103/PhysRevLett.13.508},
  url =		 {https://link.aps.org/doi/10.1103/PhysRevLett.13.508},
}










@Comment #############################################################
@Comment RENORMALIZATION: ARTICLES
@Comment #############################################################


@article{ tHooftVeltmanRegularizationAndRenormalizationOfGaugeFields1972,
  author =	 {G. {'t Hooft}, M. Veltman},
  title =	 {Regularization and renormalization of gauge fields},
  journal =	 {Nuclear Physics B},
  year =	 1972,
  volume =	 44,
  number =	 1,
  pages =	 {189--213},
  issn =	 {0550-3213},
  doi =		 {https://doi.org/10.1016/0550-3213(72)90279-9},
  url =
                  {https://www.sciencedirect.com/science/article/pii/0550321372902799},
}



@article{ MutetEtAlTaylorLagrangeRenormalization2012,
  author =	 {B. Mutet, P. Grang\accute{e} and E. Werner},
  title =	 {Taylor-Lagrange renormalization and~gauge theories
		  in~four dimensions},
  journal =	 {J. Phys. A: Math. Theor.},
  year =	 2012,
  volume =	 45,
  pages =	 315401,
}










@Comment #############################################################
@Comment MATHEMATICAL QFT: ARTICLES
@Comment #############################################################


@article{ FullingNonuniquenessOfCanocialFieldQuantizationETC1973,
  author =	 {Stephen A. Fulling},
  title =	 {Nonuniqueness of Canonical Field Quantization in
                  Riemannian Space-Time},
  journal =	 {Phys. Rev. D},
  volume =	 7,
  issue =	 10,
  pages =	 {2850--2862},
  numpages =	 0,
  year =	 1973,
  month =	 {May},
  publisher =	 {American Physical Society},
  doi =		 {10.1103/PhysRevD.7.2850},
  url =		 {https://link.aps.org/doi/10.1103/PhysRevD.7.2850},
}



@article{ WittenQFTAndJonesPolynomial1989,
  author =	 {Edward Witten},
  title =	 {Quantum Field Theory and the~Jones Polynomial},
  journal =	 {Commun. Math. Phys},
  year =	 1989,
  volume =	 121,
  pages =	 {351-399},
  url =		 {https://projecteuclid.org/euclid.cmp/1104178138},
}



@article{ MickelssonGerbesAndQFT2006,
  author =	 {Jouko Mickelsson},
  title =	 {Gerbes and~quantum field theory},
  journal =	 {{}},
  year =	 2006,
  archivePrefix ={arXiv},
  eprint =	 {0603031v1},
  primaryClass = {math-ph},
}



@article{ SummersPrespectiveOnConstructiveQFT12,
  author =	 {Stephen J. Summers},
  title =	 {A~Perspective on~Constructive Quantum Field Theory},
  year =	 2012,
  journal =	 {{}},
  archivePrefix ={arXiv},
  eprint =	 {1203.3991v1},
  primaryClass = {math-ph},
}










@Comment #############################################################
@Comment MATHEMATICAL QUANTUM ELECTRODYNAMICS: ARTICLES
@Comment #############################################################


@article{ HerdegenAsymptoticAlgebraOfQED2005,
  author =	 {Andrzej Herdegen},
  title =	 {Asymptotic algebra~of quantum electrodynamics},
  journal =	 {Acta Phys. Polon.~B},
  year =	 2005,
  volume =	 36,
  issue =	 1,
  pages =	 {35--58},
  archivePrefix ={arXiv},
  eprint =	 0412058,
  primaryClass = {hep-th},
}



@article{ HerdegenAsymptoticStructureRevisited2017,
  author =	 {Andrzej Herdegen},
  title =	 {Asymptotic structure~of electrodynamics revisited},
  journal =	 {Lett Math Phys},
  year =	 2017,
  volume =	 107,
  pages =	 1439,
  doi =		 {10.1007/s11005-017-0948-9},
  archivePrefix ={arXiv},
  eprint =	 {1604.04170v3},
  primaryClass = {hep-th},
}










@Comment #############################################################
@Comment HISTORY OF QFT: ARTICLES
@Comment #############################################################


@article{ ShirkovEvolutionOfBogoluibovRenormalizationGroup1999,
  author =	 {Dmitrij V. Shirkov},
  title =	 {Evolution~of~the Bogoluibov Renormalization Group},
  journal =	 {{}},
  year =	 1999,
  archivePrefix ={arXiv},
  eprint =	 {9909024v1},
  primaryClass = {hep-th},
}










@Comment #############################################################
@Comment #############################################################
@Comment PARTICLE PHYSICS THEORY: ARTICLES
@Comment #############################################################
@Comment #############################################################


@article{ SusskindDualSymmetricTheoryOfHadronsPartI1970,
  author =	 {Leonard Susskind},
  title =	 {Dual-Symmetric Theory~of Hadrons~-- I},
  journal =	 {Il~Nuovo Cimento},
  year =	 1970,
  volume =	 {LXIX A},
  pages =	 {457--496},
}










@Comment #############################################################
@Comment #############################################################
@Comment LOCAL QUANTUM PHYSICS (ARTICLES)
@Comment #############################################################
@Comment #############################################################


@article{ BrunettiDutchFredenhagenVerch2009,
  author =	 {R. Brunetti and M. D\"{u}tsch and K. Fredenhagen and
                  R. Verch},
  title =	 {Perturbative Algebraic Quantum Field Theory and the
                  Renormalization Groups},
  journal =	 {{}},
  year =	 2009,
  archivePrefix ={arXiv},
  eprint =	 {0901.2038v2v1},
  primaryClass = {math-th},
}



@article{ BrunettiDutschFredenhagenPAQFTRenormalizationGroup2009,
  author =	 {Romeo Brunetti and Michael D{\"{u}}tsch and Klaus
                  Fredenhagen},
  title =	 {Perturbative Algebraic Quantum Field Theory and the
                  Renormalization Groups},
  journal =	 {Adv. Theor. Math. Phys.},
  year =	 2009,
  volume =	 13,
  number =	 5,
  pages =	 {1541--1599},
  archivePrefix ={arXiv},
  eprint =	 {0901.2038},
  primaryClass = {math-ph},
}



@article{ BrunettiEtAlQuantumGravityFromPoVLocallyCovariantQFT2016,
  author =	 {Romeo Brunetti, Klaus Fredenhagen and~Katarzyna
                  Rejzner},
  title =	 {Quantum Gravity from the~Point~of View~of Locally
                  Covariant Quantum Field Theory},
  journal =	 {Commun. Math. Phys.},
  year =	 2016,
  volume =	 345,
  issue =	 3,
  pages =	 {741--779},
  doi =		 {10.1007/s00220-016-2676-x},
  archivePrefix ={arXiv},
  eprint =	 {1306.1058v5},
  primaryClass = {math-ph},
}



@article{ BuchholzPhysicalStateSpaceOfQED1982,
  author =	 {Detlev Buchholz},
  title =	 {The Physical State Space~of Quantum Electrodynamics},
  journal =	 {Commun. Math. Phys.},
  year =	 1982,
  volume =	 85,
  pages =	 {49--71},
  doi =		 {https://doi.org/10.1007/BF02029133},
}



@article{ FredenhagenRejznerPerturbativeAlgebraicQFT2012,
  author =	 {Fredenhagen, Klaus and Rejzner, Katarzyna},
  title =	 {Perturbative algebraic quantum field theory},
  journal =	 {{}},
  year =	 2012,
  archivePrefix ={arXiv},
  eprint =	 {1208.1428v2},
  primaryClass = {math-ph},
}


@article{ HerdegenInfraparticleProblemAsymptoticFields2014,
  author =	 {Andrzej Herdegen},
  title =	 {Infraparticle problem, asymptotic fields
                  and~Haag-Ruelle theory},
  journal =	 {Ann. Henri Poincar{\'{e}}},
  year =	 2014,
  volume =	 15,
  pages =	 345,
  doi =		 {https://doi.org/10.1007/s00023-013-0242-z},
  archivePrefix ={arXiv},
  eprint =	 {1210.1731},
  primaryClass = {math-ph},
}



@article{ KellerDimensionalREgularizationPositionSpace2010,
  author =	 {Kai Johannes Keller},
  title =	 {Dimensional Regularization in Position Space
		  and~a~Forest Formula for Regularized Epstein-Glaser
		  Renormalization},
  journal =	 {{}},
  year =	 2010,
  archivePrefix ={arXiv},
  eprint =	 {1006.2148v1},
  primaryClass = {math-ph},
  note =	 {PhD thesis},
}



@article{ RejznerBatalinVilkoviskyInLocallyCovariantFT2011,
  author =	 {Katarzyna Anna Rejzner},
  title =	 {Batalin-Vilkovisky formalism in~locally covariant
                  field theory},
  journal =	 {{}},
  year =	 2011,
  archivePrefix ={arXiv},
  eprint =	 {1111.5130v2},
  primaryClass = {math-ph},
  note =	 {PhD thesis},
}










@Comment #############################################################
@Comment LOCAL QUANTUM PHYSICS AND GENERAL RELATIVITY: ARTICLES
@Comment #############################################################


@article{ DimockAlgebrasLocalObservablesOnManifold1980,
  author =	 {Jonathan Dimock},
  title =	 {Algebras~of local observables on~a~manifold},
  journal =	 {Commun. Math. Phys.},
  year =	 1980,
  volume =	 77,
  pages =	 {219--228},
}



@article{ FredenhagenHaagDerivationOfHawkingRadiation1990,
  author =	 {Klaus Fredenhagen and Rudolf Haag},
  title =	 {On~the~derivation~of Hawking radiation associated
                  with the~formation~of a~black hole},
  journal =	 {Communications in Mathematical Physics},
  year =	 1990,
  month =	 {Feb},
  volume =	 127,
  pages =	 {273--284},
  doi =		 {10.1007/BF02096757},
}



@article{ BrunettiFredenhagenMicrolocalAnalysisInteractingQFT2000,
  author =	 {Romeo Brunetti and Klaus Fredenhagen},
  title =	 {Microlocal Analysis and Interacting Quantum Field
                  Theories: Renormalization on Physical Backgrounds},
  journal =	 {Commun. Math. Phys.},
  year =	 2000,
  volume =	 208,
  pages =	 {623--661},
  archivePrefix =arXiv,
  eprint =	 {9903.028v1},
  primaryClass = {math-ph},
}



@article{ BrunettiFredenhagenVerchGenerallyCovariantLocality2003,
  author =	 {Romeo Brunetti nad Klaus Fredenhagen and Rainer
                  Verch},
  title =	 {The~Generally Covariant Locality Principle~-- A~New
                  Paradigm for Local Quantum Field Theory},
  year =	 2003,
  journal =	 {Commun. Math. Phys.},
  volume =	 237,
  pages =	 {31-68},
  doi =		 {https://doi.org/10.1007/s00220-003-0815-7},
  archivePrefix ={arXiv},
  eprint =	 {0112.041v1},
  primaryClass = {math-ph},
}



@article{ HollandRenormalizedQuantumYangMillsFields2008,
  author =	 {Stefan Hollands},
  title =	 {Renormalized Quantum Yang-Mills Fields in~Curved
                  Spacetime},
  journal =	 {Rev. Math. Phys.},
  year =	 2008,
  volume =	 20,
  pages =	 {1033-1172},
  doi =		 {10.1142/S0129055X08003420},
  archivePrefix ={arXiv},
  eprint =	 {0705.3340},
  primaryClass = {gr-qc},
}



@article{ BrunettiFredenhagenQuantumFieldTheoryOnCurvedBackground2009,
  author =	 {R. Brunetti and K. Fredenhagen},
  title =	 {Quantum Field Theory on Curved Backgrounds},
  journal =	 {{}},
  year =	 2009,
  archivePrefix ={arXiv},
  eprint =	 {0901.2063v1},
  primaryClass = {gr-qc},
}



@article{ MorettiPinamontiStateIndependenceTuneelingBlackHole2012,
  author =	 {Moretti, Valter and Pinamonti, Nicola},
  title =	 {State independence for~tunnelling processes through
                  black hole horizons and~Hawking radiation},
  journal =	 {Communications in Mathematical Physics},
  year =	 2012,
  volume =	 309,
  issue =	 2,
  pages =	 {295--311},
  doi =		 {10.1007/s00220-011-1369-8},
  archivePrefix ={arXiv},
  eprint =	 {1011.2994},
  primaryClass = {gr-qc},
}



@article{ ColliniMorettiPinamontiTunellingPhi3OneLoop2014,
  author =	 {Collini, Giovanni and Moretti, Valter and Pinamonti,
		  Nicola},
  year =	 2014,
  title =	 {``Tunnelling'' Black-Hole Radiation with $\phi^{ 3
		  }$ Self-Interaction: One-Loop Computation
		  for~Rindler Killing Horizons},
  journal =	 {Letters in~Mathematical Physics},
  volume =	 104,
  issue =	 2,
  pages =	 {217--232},
  doi =		 {10.1007/s11005-013-0663-0},
  archivePrefix ={arXiv},
  eprint =	 {1302.5253v5},
  primaryClass = {gr-qc},
}










@Comment #############################################################
@Comment #############################################################
@Comment CASIMIR EFFECTS (ARTICLES)
@Comment #############################################################
@Comment #############################################################


@Comment #############################################################
@Comment CASIMIR EFFECTS (THEORY, ARTICLES)
@Comment #############################################################


@article{ BenderMiltonCasimirEffectDDimensionalSphere1994,
  author =	 {Carl M. Bender, Kimball A. Milton},
  title =	 {Casimir effect for a $D$-dimensional sphere},
  journal =	 {Phys.Rev. D},
  year =	 1994,
  volume =	 50,
  pages =	 {6547-6555},
  doi =		 {10.1103/PhysRevD.50.6547},
  archivePrefix ={arXiv},
  eprint =	 {9406048v1},
  primaryClass = {hep-th},
}



@article{ CasimirOnTheAttractionBetween1948,
  author =	 {Hendrik Brugt Gerhard Casimir},
  title =	 {On~the~Attraction Between Two Perfectly Conducting
		  Plates},
  journal =	 {Indag. Math.},
  year =	 1948,
  volume =	 10,
  pages =	 {261-263},
  note =	 {Kon. Ned. Akad. Wetensch. Proc.100N3-4, 61 (1997)},
}



@article{ DappiaggiNosariPianamontiCasimirEffectAlgebraic2016,
  author =	 {Claudio Dappiaggi and Gabriele Nosari and
		  Nicola Pinamonti},
  title =	 {The Casimir effect from the point of view of
		  algebraic quantum field theory},
  journal =	 {Math. Phys. Anal. Geom.},
  year =	 2016,
  volume =	 19,
  number =	 2,
  pages =	 12,
  doi =		 {10.1007/s11040-016-9216-y},
  archivePrefix ={arXiv},
  eprint =	 {1412.1409},
  primaryClass = {math-ph},
}



@article{ EmigEtAlCasmirForcesBetweenArbitrary2007,
  author =	 {T. Emig and N. Graham. and R. L. Jaffe and M. Kardar},
  title =	 {Casimir Forces between Arbitrary Compact Objects},
  journal =	 {Phys. Rev. Lett.},
  year =	 2007,
  month =	 {Oct},
  volume =	 99,
  issue =	 17,
  pages =	 170403,
  numpages =	 4,
  publisher =	 {American Physical Society},
  doi =		 {10.1103/PhysRevLett.99.170403},
  url =
                  {https://link.aps.org/doi/10.1103/PhysRevLett.99.170403},
}



@article{ FermiPizzoccheroLocalZetaRegularization2015,
  author =	 {Davide Fermi and Livio Pizzocchero},
  title =	 {Local zeta regularization and the scalar Casimir
                  effect I. A general approach based on integral
                  kernels},
  journal =	 {{}},
  year =	 2015,
  archivePrefix ={arXiv},
  eprint =	 {1505.00711},
  primaryClass = {math-ph},
}



@article{ FermiPizzoccheroLocalCasimirPointImpurity2018,
  author =	 {Davide Fermi and Livio Pizzocchero},
  title =	 {Local Casimir Effect for~a~Scalar Field
                  in~Presence~of a~Point Impurity},
  journal =	 {Symmetry},
  year =	 2018,
  volume =	 10,
  number =	 2,
  pages =	 38,
  doi =		 {10.3390/sym10020038},
  archivePrefix ={arXiv},
  eprint =	 {1712.10039},
  primaryClass = {math-ph},
}



@article{ FermiCasimirEnergyAnomalyPointInteraction2020,
  author =	 {Davide Fermi},
  title =	 {The~Casimir energy anomaly for~a~point interaction},
  journal =	 {Modern Physics Letters A},
  year =	 2020,
  month =	 01,
  volume =	 35,
  pages =	 2040008,
  doi =		 {10.1142/S0217732320400088},
  archivePrefix ={arXiv},
  eprint =	 {1909.00604},
  primaryClass = {math-ph},
}



@article{ HerdegenNononsensCasimirForce2001,
  author =	 {Andrzej Herdegen},
  title =	 {No-nonsens Casimir force},
  journal =	 {Acta Phys. Polon.},
  year =	 2001,
  volume =	 {B32},
  pages =	 {55-65},
  archivePrefix ={arXiv},
  eprint =	 {0008.207v2},
  primaryClass = {hep-th},
}



@article{ HerdegenQuantumBackreationPartI2005,
  author =	 {Andrzej Herdegen},
  title =	 {Quantum backreaction (Casimir) effect~I. What are
		  admissible idealizations?},
  journal =	 {Ann. Henri Poincare},
  year =	 2005,
  volume =	 6,
  pages =	 {657--695},
  doi =		 {10.1007/s00023-005-0219-7},
  archivePrefix ={arXiv},
  eprint =	 {0412.132v1},
  primaryClass = {hep-th},
}



@article{ HerdegenQuantumBackreactionPartII2006,
  author =	 {Andrzej Herdegen},
  title =	 {Quantum backreaction (Casimir) effect II. Scalar and
                  electromagnetic fields},
  journal =	 {Ann. H. Poincare},
  year =	 2006,
  volume =	 7,
  pages =	 {253--301},
  doi =		 {https://doi.org/10.1007/s00023-005-0249-1},
  archivePrefix ={arXiv},
  eprint =	 {0507.023v1},
  primaryClass = {hep-th},
}



@article{ HerdegenStopaGlobalVsLocal2010,
  author =	 {Herdegen, Andrzej and Stopa, Mariusz},
  title =	 {Global vs~local Casimir effect},
  journal =	 {Ann. Henri Poincare},
  year =	 2010,
  volume =	 11,
  pages =	 {1171--1200},
  doi =		 {https://doi.org/10.1007/s00023-010-0053-4},
  archivePrefix ={arXiv},
  eprint =	 {1007.2139v1},
  primaryClass = {hep-th},
}



@article{ JancoviciSamajCasimirForce2005,
  author =	 {B. Jancovici and L. Samaj},
  title =	 {Casimir force between two ideal-conductor walls
		  revisited},
  journal =	 {EPL (Europhysics Letters)},
  year =	 2005,
  volume =	 72,
  number =	 1,
  pages =	 35,
  url =		 {http://stacks.iop.org/0295-5075/72/i=1/a=035},
}



@article{ MaghrebiGrahamElectromagneticCasimirSeminInfinit2011,
  author =	 {Mohammad F. Maghrebi and Noah Graham},
  title =	 {Electromagnetic Casimir energies of semi-infinite
                  planes},
  journal =	 {{EPL} (Europhysics Letters)},
  year =	 2011,
  month =	 {jun},
  volume =	 95,
  number =	 1,
  pages =	 14001,
  publisher =	 {{IOP} Publishing},
  doi =		 {10.1209/0295-5075/95/14001},
  url =		 {https://doi.org/10.1209\%2F0295-5075\%2F95\%2F14001},
  archivePrefix ={arXiv},
  eprint =	 {1102.1486},
  primaryClass = {quant-ph},
}



@article{ MintchevRagoucyAlgebraicApproachMultipleDefectsLineCasimir2007,
  author =	 {M.~Mintchev and E.~Ragoucy},
  title =	 {Algebraic approach to~multiple defects on~the~line
		  and~application to~Casimir force},
  journal =	 {J. Phys. A},
  year =	 2007,
  volume =	 40,
  pages =	 9515,
  doi =		 {10.1088/1751-8113/40/31/025},
  archivePrefix ={arXiv},
  eprint =	 {0705.1322v1},
  primaryClass = {hep-th},
}



@article{ MiltonTheCasimirEffectPhysicalManifestationsETC1999,
  author =	 {Kimball A. Milton},
  title =	 {The Casimir Effect: Physical Manifestations of Zero
                  Point Energy},
  journal =	 {{}},
  year =	 1999,
  archivePrefix ={arXiv},
  eprint =	 {hep-th/9901011},
  primaryClass = {hep-th},
}



@article{ ScardicchioCasimirDynamics2005,
  author =	 {Antonello Scardicchio},
  title =	 {Casimir dynamics: Interactions~of surfaces with
		  codimension $> 1$ due to~quantum fluctuations},
  journal =	 {Phys. Rev. D},
  year =	 2005,
  month =	 {Sep},
  volume =	 72,
  issue =	 6,
  pages =	 065004,
  numpages =	 10,
  publisher =	 {American Physical Society},
  doi =		 {10.1103/PhysRevD.72.065004},
  url =		 {https://link.aps.org/doi/10.1103/PhysRevD.72.065004},
  archivePrefix ={arXiv},
  eprint =	 {0503170v2},
  primaryClass = {hep-th},
}



@article{ SpreaficoZerbiniFiniteTemperatureQFTOnNoncompactDomains2009,
  author =	 {Spreafico, Mauro and Sergio, Zerbini},
  title =	 {Finite temperature quantum field theory on
                  noncompact domains and application to delta
                  interactions},
  year =	 2009,
  month =	 04,
  journal =	 {Reports on Mathematical Physics},
  volume =	 63,
  pages =	 {163--177},
  doi =		 {10.1016/S0034-4877(09)00011-1},
}










@Comment #############################################################
@Comment EXPERIMENTAL SIDE OF CASIMIR EFFECTS: ARTICLES
@Comment #############################################################


@article{ LambrechtReynaudCasimirEffect2012,
  author =	 {Astrid Lambrech and Serge Reynaud},
  title =	 {Casimir Effect: Theory and~Experiments},
  journal =	 {International Journual~of Modern Physics~A},
  year =	 2012,
  volume =	 27,
  number =	 15,
  doi =		 {https://doi.org/10.1142/S0217751X12600135},
  archivePrefix ={arXiv},
  eprint =	 {1112.1301},
  primaryClass = {quant-ph},
}



@article{ SparnaayMeasurmentsOfAttractiveForces1958,
  author =	 {M. J. Sparnaay},
  title =	 {Measurements of attractive forces between flat
                  plates},
  journal =	 {Physica},
  year =	 1958,
  volume =	 24,
  pages =	 {751--764},
  doi =		 {https://doi.org/10.1016/S0031-8914(58)80090-7},
}










@Comment #############################################################
@Comment APPLICATION OF CASIMIR EFFECT: ARTICLES
@Comment #############################################################


@article{ SerryEtAlTheRoleOfCasimirDeflection1998,
  author =	 {F. Michael Serry and Dirk Walliser and G. Jordan
                  Maclay},
  title =	 {The role of the Casimir effect in the static
                  deflection and stiction of membrane strips in
                  microelectromechanical systems (MEMS)},
  journal =	 {Journal of Applied Physics},
  year =	 1998,
  volume =	 84,
  pages =	 2501,
  doi =		 {https://doi.org/10.1063/1.368410},
}



@article{ ChanEtAlMicroelectromechanicalSystemsCasimirForce2001,
  author =	 {H. B. Chan and V. A. Aksyuk and R. N. Kleiman and
		  D. J. Bishop and Federico Capasso},
  title =	 {Quantum Mechanical Actuation of
		  Microelectromechanical Systems by the Casimir
		  Force},
  journal =	 {Science},
  year =	 2001,
  volume =	 297,
  pages =	 1941,
}










@Comment #############################################################
@Comment THEORY OF CASIMIR EFFECTS: REVIEW ARTICLES
@Comment #############################################################


@article{ BordagMohideenMostepanenkoNewDevelopmentsCasimirEffect2001,
  author =	 {Bordag, M. and Mohideen, U. and Mostepanenko,
		  V. M.},
  title =	 {New delepoments in~the~Casimir effect},
  journal =	 {Physics Reports},
  year =	 2001,
  volume =	 353,
  number =	 {1--3},
  pages =	 {1--205},
  doi =		 {10.1016/S0370-1573(01)00015-1},
  archivePrefix ={arXiv},
  eprint =	 0106045,
  primaryClass = {quant-ph},
}










@Comment #############################################################
@Comment #############################################################
@Comment MATHEMATICAL PERTURBATIONS THEORY IN QFT: ARTICLES
@Comment #############################################################
@Comment #############################################################


@Comment #############################################################
@Comment BOGOLIUBOV-EPSTEIN-GLASER RENORMALISATION: ARTICLES
@Comment #############################################################


@article{ BergbauerKreimerHopfAlgebraOfRootedTrees2005,
  author =	 {Christoph Bergbauer and Dirk Kreimer},
  title =	 {The~Hopf Algebra~of Rooted Trees in~Epstein-Glaser
                  Renormalization},
  journal =	 {Ann. Henri Proincar{\'{e}}},
  year =	 2005,
  volume =	 6,
  pages =	 {343-367},
  doi =		 {https://doi.org/10.1007/s00023-005-0210-3},
  archivePrefix ={arXiv},
  eprint =	 0403207,
  primaryClass = {hep-th},
}



@article{ BufaloEtAlEpstainGlaserLightFrontQEDPartIFreeTheory2014,
  author =	 {R. Bufalo, B.~M. Pimentel and D.~E. Soto},
  title =	 {The Epstein-Glaser causal approach to
		  the~Light-Front QED$_{ 4 }$. I:~Free theory},
  journal =	 {Annals of Physics},
  year =	 2014,
  volume =	 351,
  pages =	 1034,
  doi =		 {10.1016/j.aop.2014.08.004},
  archivePrefix ={arXiv},
  eprint =	 {1405.1896v2},
  primaryClass = {hep-th},
}



@article{ GraciaBondiaImprovedEpsteinGlaserPartI2002,
  author =	 {Jose M. Gracia-Bondia},
  title =	 {Improved Epstein-Glaser renormalization
		  in~coordinate space~I. Euclidean framework},
  journal =	 {Math.Phys.Anal.Geom.},
  year =	 2003,
  volume =	 6,
  pages =	 {59-88},
  archivePrefix ={arXiv},
  eprint =	 {0202023v1},
  primaryClass = {hep-th},
}



@article{ LangeEpsteinGlaserPQFTGraphsHopfAlgebras2005,
  author =	 {Alexander Lange},
  title =	 {The~Epstein-Glaser approach to~pQFT: graphs and~Hopf
		  algebras},
  journal =	 {J. Math. Phys.},
  year =	 2001,
  volume =	 46,
  pages =	 062304,
  doi =		 {10.1063/1.1893215},
  archivePrefix ={arXiv},
  eprint =	 0403246,
  primaryClass = {hep-th},
}










@Comment #############################################################
@Comment #############################################################
@Comment GENERAL THEORY OF RELATIVITY: ARTICLES
@Comment #############################################################
@Comment #############################################################


@article{ DafermosLukTheInteriorOfDynamicalVacuumBlackHolesPartI2017,
  author =	 {Mihalis Dafermos and Jonathan Luk},
  title =	 {The interior of dynamical vacumm black holes~I: The
                  $C^{ 0 }$-stability of the Kerr Cauchy horizon},
  journal =	 {{}},
  year =	 2017,
  archivePrefix ={arXiv},
  eprint =	 {1710.01722v1},
  primaryClass = {gr-qc},
}



@article{ HenriquesNatarioRocketProblemInGeneralRelativity2012,
  author =	 {Pedro G. Henriques, Jose Natario},
  title =	 {The~rocket problem in~general relativity},
  journal =	 {J. Optim. Theory Appl.},
  volume =	 154,
  pages =	 {500--524},
  year =	 2012,
  archivePrefix ={arXiv},
  eprint =	 {1105.5235v2},
  primaryClass = {gr-qc},
}



@article{ PenroseGravitationalCollapseETC1965,
  author =	 {Roger Penrose},
  title =	 {Gravitational collapse and space-time
                  singularieties},
  journal =	 {Phys. Rev. Lett.},
  volume =	 14,
  pages =	 {57--59},
  year =	 1965,
  doi =		 {10.1103/PhysRevLett.14.57},
}










@Comment #############################################################
@Comment PHYSICS OF BLACK HOLES: ARTICLES
@Comment #############################################################


@article{ BekensteinBlackHolesAndEntropy1973,
  author =	 {Jacob D. Bekenstein},
  title =	 {Black Holes and~Entropy},
  journal =	 {Phys. Rev. D},
  year =	 1973,
  volume =	 7,
  pages =	 {2333--2346},
}



@article{ BardeenCarterHawkingFourLawsOfBHMechanics1973,
  author =	 {Bardeen, James M. and Carter, Brandon and Hawking,
		  Stephen W.},
  title =	 {The~Four Law~of Black Hole Mechanics},
  journal =	 {Commun. math. Phys.},
  year =	 1973,
  volume =	 31,
  pages =	 {161--170},
}



@article{ HawkingParticleCreationByBlackHole1975,
  author =	 {Stephen W. Hawking},
  title =	 {Particle Creation by~Black Holes},
  journal =	 {Commun. math. Phys.},
  year =	 1975,
  volume =	 43,
  pages =	 {199--220},
}



@article{ ElvangFigurasBlackSaturn2007,
  author =	 {H. Elvang and P. Figuras},
  title =	 {Black Saturn},
  journal =	 {{}},
  year =	 2007,
  archivePrefix ={arXiv},
  eprint =	 {0701.035v2},
  primaryClass = {hep-th},
}










@Comment #############################################################
@Comment VARIOUS TOPICS IN GENERAL RELATIVITY: ARTICLES
@Comment #############################################################


@article{ ChruscielPaetzMassOfLightCones2014,
  author =	 {Chru≈õciel, Piotr T. and Paetz, Tim-Torben},
  title =	 {The~mass~of light-cones},
  journal =	 {Class. Quantum Grav.},
  year =	 2014,
  volume =	 31,
  pages =	 102001,
  doi =		 {10.1088/0264-9381/31/10/102001},
  archivePrefix ={arXiv},
  eprint =	 {1401.3789v2},
  primaryClass = {gr-qc},
}



@article{ CarterHamiltonJacobiAndSchrodinger1968,
  author =	 {Brandon Carter},
  title =	 {Hamilton-Jacobi and Schr√∂dinger separable solutions
                  of Einstein's equations},
  journal =	 {Communications in Mathematical Physics},
  year =	 1968,
  volume =	 10,
  number =	 4,
  volume =	 10,
  pages =	 {280--310},
  publisher =	 {Springer},
  doi =		 {https://doi.org/10.1007/BF03399503},
}



@article{ BizonIsAdSStable2013,
  author =	 {Piotr Bizo≈Ñ},
  title =	 {Is AdS stable?},
  journal =	 {General Relativity and Gravitation},
  year =	 2013,
  month =	 12,
  volume =	 46,
  pages =	 1724,
  doi =		 {10.1007/s10714-014-1724-0},
  archivePrefix ={arXiv},
  eprint =	 {1312.5544},
  primaryClass = {gr-qc},
}



@article{ GreenWaldNewFramework2011,
  author =	 {Green, Stephen R. and Wald, Robert M.},
  title =	 {New framework for analyzing the effects of small
                  scale inhomogeneities in cosmology},
  journal =	 {Phys. Rev. D},
  year =	 2011,
  month =	 {Apr},
  volume =	 83,
  issue =	 8,
  pages =	 084020,
  numpages =	 27,
  publisher =	 {American Physical Society},
  doi =		 {10.1103/PhysRevD.83.084020},
  url =		 {https://link.aps.org/doi/10.1103/PhysRevD.83.084020},
}



@article{ NatarioRelativityAndSingularities2005,
  author =	 {Jos\acute{e} Nat\acute{a}rio},
  title =	 {Relativity and~Singularities --~A~Short Introduction
		  for~Mathematicians},
  journal =	 {Sao Paulo J. Math. Sci.},
  year =	 2005,
  volume =	 6,
  pages =	 {309-335},
  archivePrefix ={arXiv},
  eprint =	 {0603190v4},
  primaryClass = {math.DG},
}










@Comment #############################################################
@Comment #############################################################
@Comment NONCOMUTATIVE GEOMETRY AND PHYSICS: ARTICLE
@Comment #############################################################
@Comment #############################################################


@article{ GraciaBondiaNGCAndFundamentalInteractionsFirst10Years2002,
  author =	 {Jose M. Gracia-Bondia},
  title =	 {Noncommutative geometry and~fundamental
		  interactions: the~first ten years},
  year =	 2002,
  journal =	 {Annalen Phys.},
  volume =	 11,
  pages =	 {479-495},
  doi =		 {10.1142/S0217751X12600135},
  archivePrefix ={arXiv},
  eprint =	 {0206006v2},
  primaryClass = {hep-th},
}










@Comment #############################################################
@Comment #############################################################
@Comment STRANGE PHYSICAL THEORIES: ARTICLES
@Comment #############################################################
@Comment #############################################################


@article{ MaldacenaLargeNLimitOfSuperconformalFieldTheories1999,
  author =	 {Juan Maldacena},
  title =	 {The~Large-$N$ Limit~of Superconformal Field Theories
                  and~Supergravity},
  journal =	 {International Journal of Theoretical Physics},
  year =	 1999,
  volume =	 38,
  pages =	 1113,
  doi =		 {https://doi.org/10.1023/A:1026654312961},
  archivePrefix ={arXiv},
  eprint =	 {9711200v3},
  primaryClass = {hep-th},
}










@Comment #############################################################
@Comment STRING THEORY: ARTICLES
@Comment #############################################################


@article{ SchwarzStringTheoryEarlyYears2000,
  author =	 {John H.~Schwarz},
  title =	 {String Theory: The~Early Years},
  journal =	 {{}},
  year =	 2000,
  archivePrefix ={arXiv},
  eprint =	 {0007.118.v3},
  primaryClass = {hep-th},
}



@article{ MateosStringTheoryChromodynamics2007,
  author =	 {David Mateos},
  title =	 {String Theory and~Quantum Chromodynamics},
  journal =	 {Class. Quant. Grav.},
  year =	 2007,
  volume =	 24,
  pages =	 {713--740},
  archivePrefix ={arXiv},
  eprint =	 {0709.1523},
  primaryClass = {hep-th},
}










@Comment #############################################################
@Comment #############################################################
@Comment HISTORY OF THEORETICAL PHYSICS: ARTICLES
@Comment #############################################################
@Comment #############################################################


@article{ SchwingerGreeningOfQFT1993,
  author =	 {Julian Schwinger},
  title =	 {The~Greening~of Quantum Field Theory: George and~I},
  year =	 1993,
  journal =	 {{}},
  archivePrefix ={arXiv},
  eprint =	 {9310283v1},
  primaryClass = {hep-ph},
}



@article{ WittenANoteOnEinsteinBergmannAndTheFifthDimension2014,
  author =	 {Edward Witten},
  title =	 {A~Note On~Einstein, Bergmann, and the Fifth
                  Dimension},
  journal =	 {{}},
  year =	 2014,
  archivePrefix ={arXiv},
  eprint =	 {1401.8048v1},
  primaryClass = {hist-ph},
}










@Comment #############################################################
@Comment #############################################################
@Comment #############################################################
@Comment PHYSICS AND BIOLOGY: ARTICLES
@Comment #############################################################
@Comment #############################################################
@Comment #############################################################


@article{ EnglandStatisticalPhysicsOfSelfReplication2012,
  author =	 {Jeremy L. England},
  title =	 {Statistical Physics~of Self-Replication},
  journal =	 {{}},
  year =	 2012,
  doi =		 {10.1063/1.4818538},
  archivePrefix ={arXiv},
  eprint =	 {1209.1179},
  primaryClass = {physics.bio-ph},
}



@article{ MarslandEnglandFarFromEquilibrium2015,
  author =	 {Robert Marsland III and Jeremy England},
  title =	 {Far-from-Equilibrium Distribution from
		  Near-Steady-State Work Fluctuations},
  journal =	 {Phys. Rev. E},
  year =	 2015,
  volume =	 92,
  pages =	 052120,
  doi =		 {10.1103/PhysRevE.92.052120},
  archivePrefix ={arXiv},
  eprint =	 {1501.00238},
  primaryClass = {physics.bio-ph},
}



@article{ MarslandEnglandSpeedStrengthDissipationInBiologicalSelfAssem2018,
  author =	 {Robert Marsland III, Jeremy England},
  title =	 {Speed, strength and~dissipation in~biological
		  self-assembly},
  journal =	 {Phys. Rev. E},
  year =	 2018,
  volume =	 98,
  pages =	 022411,
  doi =		 {10.1103/PhysRevE.98.022411},
  archivePrefix ={arXiv},
  eprint =	 {1711.02172v1},
  primaryClass = {physics.bio-ph},
}



@article{ PerunovMarshlandEnglandStatiscticalPhysicsOfAdaptation2016,
  author =	 {Perunov, Nikolai and Marsland, Robert and England,
		  Jeremy},
  title =	 {Statistical Physics of Adaptation},
  journal =	 {Phys. Rev. X},
  year =	 2016,
  volume =	 6,
  archivePrefix ={arXiv},
  eprint =	 {1412.1875v1},
  primaryClass = {physics.bio-ph},
}



@article{ SarkarEnglandDesignConditionsForEmergenceOfSelfReplicators2017,
  author =	 {Sarkar, Sumantra and England, Jeremy L.},
  title =	 {Design~of conditions for~emergence~of
		  self-replicators},
  journal =	 {{}},
  year =	 2017,
  archivePrefix ={arXiv},
  eprint =	 {1709.09191v3},
  primaryClass = {cond-mat.soft},
}










@Comment #############################################################
@Comment #############################################################
@Comment HARD TO CLASSIFY: ARTICLES
@Comment #############################################################
@Comment #############################################################


@article{ HoppeHynekDiffeomorphismAlgebra2011,
  author =	 {Jens Hoppe, Mariusz Hynek},
  title =	 {Diffeomorphism Algebra Structure and Membrane
                  Theory},
  journal =	 {Analysis and Mathematical Physics},
  year =	 2011,
  month =	 08,
  volume =	 2,
  doi =		 {10.1007/s13324-012-0033-6},
  archivePrefix ={arXiv},
  eprint =	 {1108.4248},
  primaryClass = {math-ph},
}



@article{ KusekTransformacjeBogolubowa2012,
  author =	 {Patryk Kusek},
  year =	 2012,
  title =	 {Transformacje Bogolubowa w uk≈Çadach kwantowych},
  journal =	 {{}},
  volume =	 {{}},
  pages =	 {{}},
}



@article{ DuchampEtAlHopfAlgebrasInGeneralAndInCombinatorialPhysics2008,
  author =	 {G. H. E. Duchamp and P. Blasiak and A. Horzela and
                  K. A. Penson and A. I. Solomon}},
  title =	 {Hopf Algebras in General and in Combinatorial
                  Physics: a practical introduction},
  year =	 2008,
  journal =	 {{}},
  archivePrefix ={arXiv},
  eprint =	 {0802.0249v1},
  primaryClass = {quant-ph},
}










@Comment #############################################################
@Comment #############################################################
@Comment #############################################################
@Comment ENGINEERING: ARTICLES
@Comment #############################################################
@Comment #############################################################
@Comment #############################################################


@Comment #############################################################
@Comment #############################################################
@Comment VEHCICLE ENGINEERING: ARTICLES
@Comment #############################################################
@Comment #############################################################


@article{ HansBPacejkaALifeInTyreMechanics,
  author =	 {{}},
  title =	 {Hans B. Pacejka (1934--2017): a life in tyre
                  mechanics},
  journal =	 {Vehicle System Dynamics},
  year =	 {2021},
  volume =	 {59},
  number =	 {8},
  pages =	 {1304--1311},
  publisher =	 {Taylor & Francis},
  doi =		 {10.1080/00423114.2020.1740748},
  URL =		 {https://doi.org/10.1080/00423114.2020.1740748},
  eprint =	 {https://doi.org/10.1080/00423114.2020.1740748},
}
