@Comment #############################################################
@Comment #############################################################
@Comment #############################################################
@Comment DRAMA
@Comment #############################################################
@Comment #############################################################
@Comment #############################################################



@Comment #############################################################
@Comment WILLIAM SHAKESPEARE
@Comment #############################################################


@book{ ShakespeareWesoleKumoszkiZWindsoru1998,
  author =	 {William Shakespeare},
  title =	 {Wesołe kumoszki z~Windsoru},
  publisher =	 {Wydawnictwo ZNAK},
  address =	 {Kraków},
  year =	 1998,
  edition =	 {I},
}



@book{ ShakespeareBurza1999,
  author =	 {William Shakespeare},
  title =	 {Burza},
  publisher =	 {Wydawnictwo ZNAK},
  address =	 {Kraków},
  year =	 1999,
  edition =	 {I},
}
