@Comment #############################################################
@Comment #############################################################
@Comment ECONOMICS
@Comment #############################################################
@Comment #############################################################



@Comment #############################################################
@Comment AUSTRIAN SCHOOL OF ECONOMICS
@Comment #############################################################

@Comment Uporządkuj alfabetycznie względem autorów

@article{ KimballTheGoldStandardInContemporary2005,
  author =	 {James Kimball},
  title =	 {The Gold Standard in Contemporary Economics
                  Principles Textbooks: A~Surver},
  journal =	 {The Quarterly Journal of Austrian Economics},
  year =	 2005,
  volume =	 8,
  number =	 3,
  pages =	 {59--80},
}



@article{ LongRealismAndAbstractionInEconomics2006,
  author =	 {Roderick T. Long},
  title =	 {Realism and Abstraction in Economics: Aristotle and
                  Mises versus Friedman},
  journal =	 {The Quarterly Journal of Austrian Economics},
  year =	 2006,
  volume =	 9,
  number =	 3,
  pages =	 {3--23},
}



@article{ RitenourPostModerEconomicsReview2000,
  author =	 {Shaw Ritenour},
  title =	 {\textit{Post-Modern Economics: The Return of
                  Depression Economisc}. By Paul Krugman. New York:
                  W.W. Norton and company, 1999},
  journal =	 {The Quarterly Journal of Austrian Economics},
  year =	 2000,
  volume =	 3,
  number =	 1,
  pages =	 {79--83},
  doi =		 {https://doi.org/10.1007/s12113-000-1015-3},
}



@article{ ThorntonApoplithorismosphobia2003,
  author =	 {Mark Thornton},
  title =	 {Apoplithorismosphobia},
  journal =	 {The Quarterly Journal of Austrian Economics},
  year =	 2003,
  volume =	 8,
  number =	 4,
  pages =	 {5--18},
}



@article{ RitenourSamuelsonAndRothbard2005,
  author =	 {Shaw Ritenour},
  title =	 {Samuelson and Rothbard: Two Texts and Two Legacies},
  journal =	 {The Quarterly Journal of Austrian Economics},
  year =	 2005,
  volume =	 8,
  number =	 2,
  pages =	 {71--94},
}



@article{ SalernoAReformulationOfAustrainBusinessCycleTheory2012,
  author =	 {Joseph T. Salerno},
  title =	 {A Reformulation of Austrian Business Cycle Theory in
                  Light of the Financial Crisis},
  journal =	 {The Quarterly Journal of Austrian Economics},
  year =	 2012,
  volume =	 15,
  number =	 1,
  pages =	 {3--44},
}










@Comment #############################################################
@Comment #############################################################
@Comment ARCANA JOURNUAL
@Comment #############################################################
@Comment #############################################################


@article{ MadelaWCieniuNorymbergi2015,
  author =	 {Andrzej Madela},
  title =	 {W~cieniu Norymbergi. Niemcy Zachodnie lat 1945--1955
                  wobec denazyfikacji},
  journal =	 {ARCANA},
  year =	 2015,
  volume =	 122,
  pages =	 {74--92},
}



@article{ TisonczykHaikuNaZaliczenie2015,
  author =	 {Tomasz Tisończyk},
  title =	 {\textit{Haiku} na~zaliczenie},
  journal =	 {ARCANA},
  year =	 2015,
  volume =	 123,
  pages =	 {180--186},
}



@article{ KurnikGraResztakamiJakoSubstytutKultury2015,
  author =	 {Agnieszka Kurnik},
  title =	 {„Gra resztkami” jako substytut kultury},
  journal =	 {ARCANA},
  year =	 2015,
  volume =	 124,
  pages =	 {102--112},
}



@article{ ZachenterWrzesien1939WOczachWspolczesnychNiemcow2015,
  author =	 {Anna Zachenter},
  title =	 {Wrzesień 1939 roku w~oczach współczesnych Niemców},
  journal =	 {ARCANA},
  year =	 2015,
  volume =	 124,
  pages =	 {54--64},
}



@article{ GabisPowitajmyUchodzcowZEuropyZachodniej2015,
  author =	 {Tomasz Gabiś},
  title =	 {Powitajmy uchodźców z~Europy Zachodniej!},
  journal =	 {ARCANA},
  year =	 2015,
  volume =	 125,
  pages =	 {52--63},
}



@article{ GruchalaKiedyPrzestalismyCzytacZeromskiego2015,
  author =	 {Wojciech Gruchała},
  title =	 {Kiedy przestaliśmy czytać Żeromskiego?},
  journal =	 {ARCANA},
  year =	 2015,
  volume =	 125,
  pages =	 {18--30},
}



@article{ TolczykDlaczegoSolzenicyn2015,
  author =	 {Dariusz Tołczyk},
  title =	 {Dlaczego Sołżenicyn? Spóźnione odkrycie Gułagu
                  na~Zachodzie},
  journal =	 {ARCANA},
  year =	 2015,
  volume =	 125,
  pages =	 {111--136},
}










@Comment #############################################################
@Comment #############################################################
@Comment VARIOUS ARTICLES
@Comment #############################################################
@Comment #############################################################


@article{ WalczakCzyMozliwaJest16,
  author =	 {Monika Walczak},
  title =	 {Czy~możliwa jest wiedza interdyscyplinarna?},
  journal =	 {Zagadnienie naukoznawstwa. Kwartalnik},
  year =	 2016,
  volume =	 {LII~zeszyt 1~(207)},
  pages =	 {113-126},
}
