@Comment #############################################################
@Comment #############################################################
@Comment Visual arts. Books
@Comment #############################################################
@Comment #############################################################



@Comment #############################################################
@Comment East Euroasia visual arts
@Comment #############################################################


@book{ Covello-Yoshimura-Japonska-sztuka-piekna-w-kamieniu-Pub-2018,
  author =	 {Vincent T. Covello and Yuji Yoshimura},
  title =	 {Japońska sztuka odnajdywania piękna w~kamieniu.
                  Sztuka \textit{suiseki} i~jej zastosowanie w~sztuce
                  \textit{bonsai}},
  publisher =	 {UNIVERSITAS},
  address =	 {Kraków},
  year =	 2018,
  edition =	 {II},
}










@Comment #############################################################
@Comment Paintings
@Comment #############################################################


@book{ Civardi-Rysunek-Przewodnik-po-sztuce-rysowania-Pub-2011,
  author =	 {Giovanni Civardi},
  title =	 {Rysunek. Przewodnik po~sztuce rysowania},
  publisher =	 {KE Liber},
  address =	 {Warszawa},
  year =	 2011,
  isbn =	 {978-83-60215-79-1},
  note =	 {Tłum. Marta Łuczak-Janak},
}



@book{ Strzeminski-Teoria-widzenia-Pub-2016,
  author =	 {Władysław Strzemiński},
  title =	 {Teoria widzenia},
  publisher =	 {Muzeum Sztuki w~Łodzi},
  address =	 {Łódź},
  year =	 2016,
}










@Comment #############################################################
@Comment Painters
@Comment #############################################################


@book{ Dali-Mysli-i-anegdoty-Pub-2003,
  author =	 {Salvador Dali},
  title =	 {Myśli i~anegdoty},
  publisher =	 {„Książnica” sp.~z~o.o.},
  address =	 {Katowice},
  year =	 2003,
  edition =	 {I},
  note =	 {Tłum. z~francuskiego Bożena Sęk},
}
