@Comment #############################################################
@Comment #############################################################
@Comment Computer science, online resources
@Comment #############################################################
@Comment #############################################################



@Comment #############################################################
@Comment Introduction to computer science
@Comment #############################################################


@online{ ,
  author =	 {Cliff Click},
  title =	 {Everything your mother should know about compilers},
  year =	 2016,
  url =		 {https://www.youtube.com/watch?v=oERlVYfLTn8},
  urldate =	 {13-03-2024},
}










@Comment #############################################################
@Comment Machine code, assembly language, etc.
@Comment #############################################################


@online{ Click-Everything-your-mother-ETC-2016,
  author =	 {Cliff Click},
  title =	 {Everything your mother should know about compilers},
  year =	 2016,
  url =		 {https://www.youtube.com/watch?v=oERlVYfLTn8},
  urldate =	 {13-03-2024},
}



@online{ Crunch-What-is-an-Assembler-ETC-2016,
  author =	 {Dani Crunch},
  title =	 {What is an Assembler?~-- An introduction to
                  Assembly/Assembler},
  year =	 2024,
  url =		 {https://www.youtube.com/watch?v=yAdt5NGZwCk},
  urldate =	 {01-07-2024},
}



@online{ Fireship-Assembly-Language-in-100-Seconds-2022,
  author =	 {Fireship},
  title =	 {Assembly Language in 100 Seconds},
  year =	 2022,
  url =		 {https://www.youtube.com/watch?v=4gwYkEK0gOk},
  urldate =	 {02-07-2024},
}



@online{ Godbolt-Computerphile-Machine-Code-Explained-2024,
  author =	 {Matt Godbolt and Computerphile},
  title =	 {Machine Code Explained},
  year =	 2024,
  url =		 {https://www.youtube.com/watch?v=8VsiYWW9r48},
  urldate =	 {10-07-2024},
}






@Comment #############################################################
@Comment Operating systems shells
@Comment #############################################################


@Comment ###############################
@Comment BASH
@Comment ###############################


@online{ Aboukhalil-You-dont-know-bash-An-introduction-ETC-2018,
  author =	 {Robert Aboukhalil},
  title =	 {You don't know Bash: An~introduction to~Bash arrays},
  year =	 {2018},
  url =
                  {https://opensource.com/article/18/5/you-dont-know-bash-intro-bash-arrays},
  urldate =	 {06-04-2024},
}



@online{ Both-How-to-program-with-Bash-Syntax-and-tools-2019,
  author =	 {David Both},
  title =	 {How to program with Bash: Syntax and~tools},
  year =	 {2019},
  url =		 {https://opensource.com/article/19/10/programming-bash-syntax-tools},
  urldate =	 {24-03-2024},
}



@online{ Linuxize-BASH-Functions-2020,
  author =	 {Linuxize},
  title =	 {Bash Functions},
  year =	 {2020},
  url =		 {https://linuxize.com/post/bash-functions/},
  urldate =	 {23-05-2024},
}



@online{ Orr-Bash-Prompt-HOWTO-2003,
  author =	 {Giles Orr},
  title =	 {Bash Prompt HOWTO},
  year =	 {2003},
  url =		 {https://tldp.org/HOWTO/Bash-Prompt-HOWTO/index.html},
  urldate =	 {6-05-2024},
}



@online{ Pankaj-Grep-command-in-Linux-Unix-2022,
  author =	 {Pankaj},
  title =	 {Grep command in~Linux/Unix},
  year =	 2022,
  url =
                  {https://www.digitalocean.com/community/tutorials/grep-command-in-linux-unix},
  urldate =	 {13-03-2024},
}



@online{ Pankaj-Linux-ps-command-ETC-2022,
  author =	 {Pankaj},
  title =	 {Linux \texttt{ps} command~-- 20 Real life examples},
  year =	 2022,
  url =
                  {https://www.digitalocean.com/community/tutorials/linux-ps-command},
  urldate =	 {02-04-2024},
}



@online{ Pavroo-Porady-Admina-kill-2023,
  author =	 {Pavroo},
  title =	 {Porady Admina: kill},
  year =	 {2023},
  url =		 {https://linuxiarze.pl/porady-admina-procps-kill/},
  urldate =	 {21-03-2024},
}



@online{ Ramuglia-How-to-kill-processes-in-Linux-ETC-2023,
  author =	 {Gabriel Ramuglia},
  title =	 {How to Kill Processes in Linux | 'kill' Command
                  Guide},
  year =	 {2023},
  url =		 {https://ioflood.com/blog/kill-linux-command/},
  urldate =	 {2-04-2024},
}



@online{ Chadwick-Bash-Scripting-Tutorialt-5-If-Statements,
  author =	 {Ryan Chadwick},
  title =	 {Bash Scripting Tutorial~-- 5.~If~Statements},
  url =
                  {https://ryanstutorials.net/bash-scripting-tutorial/bash-if-statements.php},
  urldate =	 {06-04-2024},
}



@online{ Chadwick-Bash-Scripting-Tutorial-6-Loops,
  author =	 {Ryan Chadwick},
  title =	 {Bash Scripting Tutorial~-- 6.~Loops},
  url =
                  {https://ryanstutorials.net/bash-scripting-tutorial/bash-loops.php},
  urldate =	 {15-04-2024},
}


@online{ ,
  author =	 {Artemy Kolchinsky and Brendan D.~Tracey},
  title =	 {Estimating Mixture Entropy with Pairwise Distances},
  journal =	 {Entropy},
  volume =	 {19},
  year =	 {2017},
  number =	 {7},
  article-number ={361},
  doi =		 {10.3390/e19070361},
  url =		 {https://www.mdpi.com/1099-4300/19/7/361},
  urldate =	 {},
}










@Comment #############################################################
@Comment Packages ecosystems
@Comment #############################################################


@Comment ###############################
@Comment Julia packages ecosystem
@Comment ###############################


@misc{ OSCAR-Page,
  key =		 {OSCAR},
  organization = {The OSCAR Team},
  title =	 {OSCAR -- Open Source Computer Algebra Research
                  system, Version 1.0.0},
  year =	 {2024},
  url =		 {https://www.oscar-system.org},
}










@Comment #############################################################
@Comment TeX and LaTeX
@Comment #############################################################


@online{ LaTeX-Mathematical-Symbols,
  author =	 {Unknow},
  title =	 {\LaTeX{} Mathematical Symbols},
  url =
                  {https://www.cmor-faculty.rice.edu/~heinken/latex/symbols.pdf},
  urldate =	 {06-07-2024},
}










@Comment ###############################
@Comment LaTeX packages ecosystem
@Comment ###############################


@online{ The-Beamer-class-Use-Gudie-for-version-3-71,
  author =	 {Till Tantau and Joseph Wright and Vedran MiletiÄ‡},
  title =	 {The BEAMER class. User Gudie for~3.71},
  url =
                  {https://tug.ctan.org/macros/latex/contrib/beamer/doc/beameruserguide.pdf},
  urldate =	 {16-05-2024},
}










@Comment #############################################################
@Comment Toolchains
@Comment #############################################################


@Comment ###############################
@Comment GNU make
@Comment ###############################


@online{ Maxwell-A-Simple-Makefile-Tutorial,
  author =	 {Bruce A. Maxwell},
  title =	 {A~Simple Makefile Tutorial},
  url =
                  {https://www.cs.colby.edu/maxwell/courses/tutorials/maketutor/},
  urldate =	 {07-05-2024},
}



@online{ Patil-What-is-a-Makefile-and-ETC-2018,
  author =	 {Sachin Patil},
  title =	 {What is a~Makefile and how does it work?},
  url =
                  {https://opensource.com/article/18/8/what-how-makefile},
  urldate =	 {07-05-2024},
}










@Comment #############################################################
@Comment Hard to classify
@Comment #############################################################


@online{ Kenlon-A-practical-guide-to-learning-awk-2020,
  author =	 {Seth Kenlon},
  title =	 {A~practical guide to learn awk},
  url =		 {https://opensource.com/article/20/9/awk-ebook},
  urldate =	 {28-04-2024},
}
