@Comment #############################################################
@Comment #############################################################
@Comment Programming languages, online resources
@Comment #############################################################
@Comment #############################################################



@Comment #############################################################
@Comment Ruby programming language
@Comment #############################################################


@online{ Solnica-Blending-functional-and-OO-programming-ETC-2015,
  author =	 {Piotr Solnica},
  title =	 {Blending functional and OO programming in Ruby},
  url =		 {https://www.youtube.com/watch?v=rMxurF4oqsc},
  urldate =	 {12-VII-2024},
}
