@book{ Kopczynski-Trautman-Czasoprzetrzen-i-grawitacja-Pub-1984,
  author =	 {Wojciech Kopczyński and Andrzej Trautman},
  title =	 {Czasoprzestrzeń i~grawitacja},
  publisher =	 {Państwowe Wydawnictwo Naukowe},
  address =	 {Warszawa},
  year =	 1984,
  edition =	 {II},
}