@book{ GKCPW,
	author	  = {{G. K. Chesterton}},
	title	  = "Pisma wybrane",
	publisher = "Znak",
	%volume   = "",
	%number   = "",
	%series   = "",
	%address  = "",
	%edition  = "",
        year      = "1974",
        %month    = "",
        %note     = ""
     }



@book{ EMJGK,
	author	  = "Michael Jones",
	title	  = {{Gwiazda i Krzyż}},
	publisher = {{Wektory}},
	%volume   = "",
	%number   = "",
	%series   = "",
	%address  = "",
	edition   = "I",
        year      = "2007",
        %month    = "",
        %note     = ""
     }



@book{ CLSSG,
	author	  = "C. Levi-Strauss",
	title	  = {{Surowe i gotowane}},
	publisher = {{Aletheia}},
	%volume   = "",
	%number   = "",
	%series   = "",
	%address  = "",
	%edition   = "",
        year      = "2010",
        %month    = "",
        %note     = ""
     }



@book{ AMGBD,
	author	  = "M. Melanowicz",
	title	  = {{Japoński dramat telewizyjny}},
	publisher = {{Wydawnictwo Akademickie DIALOG}},
	%volume   = "",
	%number   = "",
	%series   = "",
	%address  = "",
	edition   = "I",
        year      = "2009",
        %month    = "",
        %note     = ""
     }




@book{ Dav02,
	author	  = {{M. Davies}},
	title	  = "Sobór Watykański II a wolność religijna",
	publisher = "Te Deum",
	%volume   = "",
	%number   = "",
	%series   = "",
	%address  = "",
	edition  = "I",
        year      = "2002",
        %month    = "",
        %note     = ""
     }



@book{ CheO,
	author	   = "G. K. Chesterton",
	title	   = {{Ortodoksja}},
	publisher = "Warszawa -- Ząbki",
	%volume   = "",
	%number   = "",
	%series   = "",
	%address  = "",
	edition   = "II -- Poprawione",
       %year      = "",
       %month    = "",
       %note     = ""
     }
