@book{ Szlenk-Wstep-do-teorii-gladkich-ukladow-ETC-Pub-1982,
  author =	 {Wiesław Szlenk},
  title =	 {Wstęp do~teorii gładkich układów dynamicznych},
  publisher =	 {Państwowe Wydawnictwo Naukowe},
  address =	 {Warszawa},
  year =	 1982,
  edition =	 {I},
  series =	 {Biblioteka Matematyczna},
  volume =	 56,
  isbn =	 {83-01-01375-3},
}