@Comment #############################################################
@Comment #############################################################
@Comment Sacred Scripture and related works, books
@Comment #############################################################
@Comment #############################################################


@book{ Harrington-Klucz-do-Biblii-Pub-2002,
  author =	 {Wilfrid J. Harrington},
  title =	 {Klucz do Biblii},
  publisher =	 {Instytut Wydawniczy PAX},
  address =	 {Warszawa},
  year =	 2002,
  edition =	 {VI},
  note =	 {Tłum. Józef Marzęcki},
}



@book{ Leonardi-Narod-Izraela-i-jego-Pisma-Part-I-Pub-1996,
  author =	 {Giovanni Leonardi},
  title =	 {Naród Izraela i~jego Pisma. Wprowadzenie do historii
                  zbawienia, cz.~I},
  publisher =	 {Wydawnictwo Paulistki},
  address =	 {Lublin},
  year =	 1996,
  edition =	 {I},
  note =	 {Tłum. Ryszard Wróbel OFMConv., Monika Katarzyna
                  Chodacka},
}










@Comment #############################################################
@Comment Works on specific books of the Sacred Scripture
@Comment #############################################################


@book{ Lifschitz-Stan-sie-swiatlo-ETC-Pub-2008,
  author =	 {Daniel Lifschitz},
  title =	 {Stań~się światło! Hagad do~rozdziału pierwszego
		  Księgi Rodzaju},
  publisher =	 {Wydawnictwo AA~-- Fronda},
  address =	 {Kraków~-- Warszawa},
  year =	 2008,
  edition =	 {I},
  note =	 {Tłum. Barbara Żurowska},
}



@book{ Hahn-List-do-Rzymian-Katolicki-ETC-Pub-2021,
  author =	 {Scott~W. Hahn},
  title =	 {List do Rzymian. Katolicki komentarz do Pisma
                  Świętego},
  publisher =	 {W~drodze sp. z~o.o.},
  address =	 {Poznań},
  year =	 2021,
  edition =	 {I},
  isbn =	 {978-83-7906-413-7},
  series =	 {Katolicki komentarz do~Pisma Świętego},
  note =	 {Tłum. Aleksander Gomola},
}










@Comment #############################################################
@Comment Works on the Sacred Scripture of doubtful quality
@Comment #############################################################


@book{ Spiewak-Piec-Ksiag-Tory-Komentarze-Pub-2012,
  author =	 {Paweł Śpiewak},
  title =	 {Pięć ksiąg Tory. Komentarze},
  publisher =	 {Wydawnictwo Uniwersytetu Warszawskiego},
  address =	 {Warszawa},
  year =	 2012,
  edition =	 {I},
}
