@Comment #############################################################
@Comment #############################################################
@Comment Sacred Scripture. Netography
@Comment #############################################################
@Comment #############################################################



@Comment #############################################################
@Comment Scott Hahn
@Comment #############################################################


@online{ The-Counsel-of-Trent-How-the-Bible-became-a-secular-ETC-Ver-2021,
  author =	 {The~Counsel~of Trent},
  title =	 {How the~Bible became a~secular book (with Scott Hahn)},
  year =	 2021,
  url =		 {https://www.youtube.com/watch?v=yV3MpihIhbw},
  urldate =	 {28-X-2024},
}










@Comment #############################################################
@Comment Sacred Scripture and culture
@Comment #############################################################


@online{ Metatron-Is-The-Chosen-Accurate-Deep-Historical-ETC-Ver-2024,
  author =	 {Metatron},
  title =	 {Is~The Chosen Accurate? Deep Historical Analysis And
                  Scriptural Interlinear Examination},
  year =	 2024,
  url =		 {https://www.youtube.com/watch?v=WF4dhhJIJGo},
  urldate =	 {23-X-2024},
}
