@Comment #############################################################
@Comment #############################################################
@Comment The Sacred Scripture, editions
@Comment #############################################################
@Comment #############################################################



@Comment #############################################################
@Comment The Sacred Scripture, english editions
@Comment #############################################################


@book{ ESV-Study-Bible-Ver-2016,
  author =	 {God and others},
  title =	 {ESV Study Bible},
  publisher =	 {Crossway},
  address =	 {Wheaton, Illinois},
  year =	 2016,
}










@Comment #############################################################
@Comment The Sacred Scripture, polish editions
@Comment #############################################################


@book{ Pismo-Swiete-Pub-1990,
  author =	 {Bóg and inni},
  title =	 {Pismo Święte Starego i~Nowego Testamentu,
                  w~przekładzie z~języków oryginalnych},
  publisher =	 {Wydawnictwo Pallottinum},
  year =	 1990,
  edition =	 {Trzecie poprawione},
  address =	 {Poznań, Warszawa},
  isbn =	 {83-7014-218-4},
  note =	 {Opracował zespół biblistów polskich, z~inicjatywy
                  benedyktynów tynieckich},
}