@Comment #############################################################
@Comment #############################################################
@Comment Religions, online resources
@Comment #############################################################
@Comment #############################################################


@Comment #############################################################
@Comment Protestantism in United States of America
@Comment #############################################################


@online{ Chalk-All-Protestants-Are-Progressives-2024,
  author =	 {Casey Chalk},
  title =	 {Martin Luther King and Planned Parenthood},
  year =	 2023,
  url =
                  {https://onepeterfive.com/martin-luther-king-planned-parenthood/},
  urldate =	 {12-VII-2024},
}



@online{ Gray-Martin-Luther-King-and-Planned-Parenthood-2023,
  author =	 {David L. Gray},
  title =	 {Martin Luther King and Planned Parenthood},
  year =	 2023,
  url =
                  {https://onepeterfive.com/martin-luther-king-planned-parenthood/},
  urldate =	 {12-VII-2024},
}