@Comment #############################################################
@Comment #############################################################
@Comment Philosophy, online resources
@Comment #############################################################
@Comment #############################################################


@Comment #############################################################
@Comment Stanford Encyclopedia of Philosophy
@Comment #############################################################


@online{ Alama-Korbmacher-The-lambda-calculus-Ver-2023,
  author =	 {Jesse Alama and Johannes Korbmacher},
  title =	 {The Lambda Calculus},
  year =	 2023,
  url =		 {https://plato.stanford.edu/entries/lambda-calculus/},
  urldate =	 {13-VII-2024},
}



@online{ ,
  author =	 {Richard Southwell},
  title =	 {My Perspective On Category Theory: Past and Future},
  year =	 2024,
  url =		 {https://www.youtube.com/watch?v=X23P8HcuneI},
  urldate =	 {11-VII-2024},
}



@online{ ,
  author =	 {Richard Southwell},
  title =	 {My Perspective On Category Theory: Past and Future},
  year =	 2024,
  url =		 {https://www.youtube.com/watch?v=X23P8HcuneI},
  urldate =	 {11-VII-2024},
}