@Comment #############################################################
@Comment #############################################################
@Comment #############################################################
@Comment MATHEMATICS, BOOKS
@Comment #############################################################
@Comment #############################################################
@Comment #############################################################


@Comment #############################################################
@Comment #############################################################
@Comment FOUNDATIONS OF MATHEMATICS
@Comment #############################################################
@Comment #############################################################



@Comment #############################################################
@Comment LOGICS
@Comment #############################################################


@book{ BremerWprowadzenieDoLogiki2004,
  author =	 {Józef W.~Bremer},
  title =	 {Wprowadzenie do~logiki},
  publisher =	 {Wydawnictwo WAM},
  address =	 {Kraków},
  year =	 2004,
  edition =	 {I},
  series =	 {Myśl Filozoficzna},
}










@Comment ###############################
@Comment MATHEMATICAL LOGICS
@Comment ###############################


@book{ GrzegorczykZarysLogikiMatematycznej1975,
  author =	 {Andrzej Grzegorczyk},
  title =	 {Zarys logiki matematycznej},
  publisher =	 {Państwowe Wydawnictwo Naukowe},
  address =	 {Warszawa},
  year =	 1975,
  edition =	 {IV},
  series =	 {Biblioteka matematyczna},
  number =	 20,
}



@book{ LukasiewiczElementyLogikiMatematycznej1929,
  author =	 {Jan Łukasiewicz},
  title =	 {Elementy logiki matematycznej. Skryp autoryzowany},
  publisher =	 {Nakładem Komisji Wydawniczej Koła
		  Matematyczno-Fizycznego Słuchaczów Uniwersytetu
		  Warszawskiego},
  address =	 {Warszawa},
  year =	 1929,
  edition =	 {I},
  note =	 {Reprint przez Wydawnictwo Uniwersystetu im.~Adama
		  Mickiewicza w~Poznaniu},
}



@book{ QuineLogikaMatematyczna1974,
  author =	 {Willard Van Orman Quine},
  title =	 {Logika matematyczna},
  publisher =	 {Państwowe Wydawnictwo Naukowe},
  address =	 {Warszawa},
  year =	 1974,
  edition =	 {I},
  note =	 {Tłum. Leon Koj},
}










@Comment ###############################
@Comment SET THEORY
@Comment ###############################


@book{ KuratowskiWstepTeoriiMnogosciITopologii2004,
  author =	 {Kazimierz Kuratowski},
  title =	 {Wstęp do~teorii mnogości i~topologii},
  publisher =	 {Wydawnictwo Naukowe PWN},
  address =	 {Warszawa},
  year =	 2004,
  edition =	 {IX},
  note =	 {Wraz z~dodatkiem Ryszarda Engelkinga \textit{Elementy
		  topologii algebraicznej}},
}










@Comment ###############################
@Comment CATEGORY THEORY
@Comment ###############################


@book{ SemadeniWiwegerWstepDoTeoriiKategoriiETC1972,
  author =	 {Zbigniew Semadeni and Antoni Wiweger},
  title =	 {Wstęp do~teorii kategorii i~funktorów},
  publisher =	 {Państwowe Wydawnictwo Naukowe},
  address =	 {Warszawa},
  year =	 1972,
  edition =	 {I},
  series =	 {Biblioteka Matematyczna},
  number =	 45,
}
